{"originalCurrency": "USD", "convertedCurrency": "USD", "report": [{"date": "2023-12-31", "symbol": "BMY", "reportedCurrency": "USD", "cik": "0000014272", "fillingDate": "2024-02-13", "acceptedDate": "2024-02-13 11:54:06", "calendarYear": "2023", "period": "FY", "revenue": 45006000000, "costOfRevenue": 10693000000, "grossProfit": 34313000000, "grossProfitRatio": 0.7624094565, "researchAndDevelopmentExpenses": 9299000000, "generalAndAdministrativeExpenses": 6372000000, "sellingAndMarketingExpenses": 1400000000, "sellingGeneralAndAdministrativeExpenses": 7772000000, "otherExpenses": 1382000000, "operatingExpenses": 26118000000, "costAndExpenses": 36811000000, "interestIncome": 449000000, "interestExpense": 1166000000, "depreciationAndAmortization": 9760000000, "ebitda": 19177000000, "ebitdaratio": 0.4260987424, "operatingIncome": 17242000000, "operatingIncomeRatio": 0.383104475, "totalOtherIncomeExpensesNet": 1411000000, "incomeBeforeTax": 8440000000, "incomeBeforeTaxRatio": 0.1875305515, "incomeTaxExpense": 400000000, "netIncome": 8025000000, "netIncomeRatio": 0.1783095587, "eps": 3.88, "epsdiluted": 3.86, "weightedAverageShsOut": 2069000000, "weightedAverageShsOutDil": 2078000000, "link": "https://www.sec.gov/Archives/edgar/data/14272/000001427224000044/0000014272-24-000044-index.htm", "finalLink": "https://www.sec.gov/Archives/edgar/data/14272/000001427224000044/bmy-20231231.htm", "calculatedOtherExpenses": 0, "calculatedOperatingExpenses": 17071000000, "calculatedNetInterest": -717000000, "calculatedOtherIncome": -8085000000, "calculatedIncomeNonControlling": 15000000, "calculatedEbitda": 27002000000}, {"date": "2022-12-31", "symbol": "BMY", "reportedCurrency": "USD", "cik": "0000014272", "fillingDate": "2023-02-14", "acceptedDate": "2023-02-14 16:24:27", "calendarYear": "2022", "period": "FY", "revenue": 46159000000, "costOfRevenue": 10137000000, "grossProfit": 36022000000, "grossProfitRatio": 0.7803895232, "researchAndDevelopmentExpenses": 9509000000, "generalAndAdministrativeExpenses": 0, "sellingAndMarketingExpenses": 7814000000, "sellingGeneralAndAdministrativeExpenses": 7814000000, "otherExpenses": 9595000000, "operatingExpenses": 26918000000, "costAndExpenses": 37055000000, "interestIncome": 171000000, "interestExpense": 1232000000, "depreciationAndAmortization": 9595000000, "ebitda": 19923000000, "ebitdaratio": 0.4316168028, "operatingIncome": 10328000000, "operatingIncomeRatio": 0.2237483481, "totalOtherIncomeExpensesNet": -2615000000, "incomeBeforeTax": 7713000000, "incomeBeforeTaxRatio": 0.1670963409, "incomeTaxExpense": 1368000000, "netIncome": 6327000000, "netIncomeRatio": 0.1370696939, "eps": 2.97, "epsdiluted": 2.95, "weightedAverageShsOut": 2130000000, "weightedAverageShsOutDil": 2146000000, "link": "https://www.sec.gov/Archives/edgar/data/14272/000001427223000046/0000014272-23-000046-index.htm", "finalLink": "https://www.sec.gov/Archives/edgar/data/14272/000001427223000046/bmy-20221231.htm", "calculatedOtherExpenses": 8371000000, "calculatedOperatingExpenses": 25694000000, "calculatedNetInterest": -1061000000, "calculatedOtherIncome": -1554000000, "calculatedIncomeNonControlling": 18000000, "calculatedEbitda": 19923000000}, {"date": "2021-12-31", "symbol": "BMY", "reportedCurrency": "USD", "cik": "0000014272", "fillingDate": "2022-02-09", "acceptedDate": "2022-02-09 11:44:38", "calendarYear": "2021", "period": "FY", "revenue": 46385000000, "costOfRevenue": 9940000000, "grossProfit": 36445000000, "grossProfitRatio": 0.7857065862, "researchAndDevelopmentExpenses": 10195000000, "generalAndAdministrativeExpenses": 0, "sellingAndMarketingExpenses": 7690000000, "sellingGeneralAndAdministrativeExpenses": 7690000000, "otherExpenses": 10023000000, "operatingExpenses": 27908000000, "costAndExpenses": 37848000000, "interestIncome": 120000000, "interestExpense": 1334000000, "depreciationAndAmortization": 10023000000, "ebitda": 20182000000, "ebitdaratio": 0.4350975531, "operatingIncome": 10159000000, "operatingIncomeRatio": 0.2190147677, "totalOtherIncomeExpensesNet": -2061000000, "incomeBeforeTax": 8098000000, "incomeBeforeTaxRatio": 0.1745823003, "incomeTaxExpense": 1084000000, "netIncome": 6994000000, "netIncomeRatio": 0.1507815026, "eps": 3.15, "epsdiluted": 3.12, "weightedAverageShsOut": 2221000000, "weightedAverageShsOutDil": 2245000000, "link": "https://www.sec.gov/Archives/edgar/data/14272/000001427222000051/0000014272-22-000051-index.htm", "finalLink": "https://www.sec.gov/Archives/edgar/data/14272/000001427222000051/bmy-20211231.htm", "calculatedOtherExpenses": 8401000000, "calculatedOperatingExpenses": 26286000000, "calculatedNetInterest": -1214000000, "calculatedOtherIncome": -847000000, "calculatedIncomeNonControlling": 20000000, "calculatedEbitda": 20182000000}, {"date": "2020-12-31", "symbol": "BMY", "reportedCurrency": "USD", "cik": "0000014272", "fillingDate": "2021-02-10", "acceptedDate": "2021-02-10 15:13:50", "calendarYear": "2020", "period": "FY", "revenue": 42518000000, "costOfRevenue": 11773000000, "grossProfit": 30745000000, "grossProfitRatio": 0.7231055083, "researchAndDevelopmentExpenses": 11143000000, "generalAndAdministrativeExpenses": 0, "sellingAndMarketingExpenses": 7661000000, "sellingGeneralAndAdministrativeExpenses": 7661000000, "otherExpenses": 9764000000, "operatingExpenses": 28568000000, "costAndExpenses": 40341000000, "interestIncome": 121000000, "interestExpense": 1420000000, "depreciationAndAmortization": 9688000000, "ebitda": 14816000000, "ebitdaratio": 0.3484641799, "operatingIncome": 5128000000, "operatingIncomeRatio": 0.1206077426, "totalOtherIncomeExpensesNet": -11999000000, "incomeBeforeTax": -6871000000, "incomeBeforeTaxRatio": -0.161602145, "incomeTaxExpense": 2124000000, "netIncome": -8995000000, "netIncomeRatio": -0.211557458, "eps": -3.98, "epsdiluted": -3.98, "weightedAverageShsOut": 2258000000, "weightedAverageShsOutDil": 2258000000, "link": "https://www.sec.gov/Archives/edgar/data/14272/000001427221000066/0000014272-21-000066-index.htm", "finalLink": "https://www.sec.gov/Archives/edgar/data/14272/000001427221000066/bmy-20201231.htm", "calculatedOtherExpenses": 6813000000, "calculatedOperatingExpenses": 25617000000, "calculatedNetInterest": -1299000000, "calculatedOtherIncome": -10700000000, "calculatedIncomeNonControlling": 0, "calculatedEbitda": 14816000000}, {"date": "2019-12-31", "symbol": "BMY", "reportedCurrency": "USD", "cik": "0000014272", "fillingDate": "2020-02-24", "acceptedDate": "2020-02-24 16:10:27", "calendarYear": "2019", "period": "FY", "revenue": 26145000000, "costOfRevenue": 8078000000, "grossProfit": 18067000000, "grossProfitRatio": 0.6910307898, "researchAndDevelopmentExpenses": 6148000000, "generalAndAdministrativeExpenses": 0, "sellingAndMarketingExpenses": 4871000000, "sellingGeneralAndAdministrativeExpenses": 4871000000, "otherExpenses": 1135000000, "operatingExpenses": 12154000000, "costAndExpenses": 20232000000, "interestIncome": 464000000, "interestExpense": 656000000, "depreciationAndAmortization": 1135000000, "ebitda": 6599000000, "ebitdaratio": 0.2524000765, "operatingIncome": 5464000000, "operatingIncomeRatio": 0.2089883343, "totalOtherIncomeExpensesNet": -489000000, "incomeBeforeTax": 4975000000, "incomeBeforeTaxRatio": 0.1902849493, "incomeTaxExpense": 1515000000, "netIncome": 3439000000, "netIncomeRatio": 0.1315356665, "eps": 2.02, "epsdiluted": 2.01, "weightedAverageShsOut": 1705000000, "weightedAverageShsOutDil": 1712000000, "link": "https://www.sec.gov/Archives/edgar/data/14272/000001427220000082/0000014272-20-000082-index.htm", "finalLink": "https://www.sec.gov/Archives/edgar/data/14272/000001427220000082/bmy-20191231x10xk.htm", "calculatedOtherExpenses": 1584000000, "calculatedOperatingExpenses": 12603000000, "calculatedNetInterest": -192000000, "calculatedOtherIncome": -297000000, "calculatedIncomeNonControlling": 21000000, "calculatedEbitda": 6599000000}, {"date": "2018-12-31", "symbol": "BMY", "reportedCurrency": "USD", "cik": "0000014272", "fillingDate": "2019-02-25", "acceptedDate": "2019-02-25 16:52:22", "calendarYear": "2018", "period": "FY", "revenue": 22561000000, "costOfRevenue": 6547000000, "grossProfit": 16014000000, "grossProfitRatio": 0.7098089624, "researchAndDevelopmentExpenses": 6345000000, "generalAndAdministrativeExpenses": 0, "sellingAndMarketingExpenses": 4551000000, "sellingGeneralAndAdministrativeExpenses": 4551000000, "otherExpenses": 1372000000, "operatingExpenses": 10896000000, "costAndExpenses": 17443000000, "interestIncome": 0, "interestExpense": 183000000, "depreciationAndAmortization": 637000000, "ebitda": 6071000000, "ebitdaratio": 0.2690926821, "operatingIncome": 5118000000, "operatingIncomeRatio": 0.2268516466, "totalOtherIncomeExpensesNet": 1075000000, "incomeBeforeTax": 6010000000, "incomeBeforeTaxRatio": 0.2663889012, "incomeTaxExpense": 1031000000, "netIncome": 4952000000, "netIncomeRatio": 0.2194938168, "eps": 3.03, "epsdiluted": 3.03, "weightedAverageShsOut": 1633000000, "weightedAverageShsOutDil": 1637000000, "link": "https://www.sec.gov/Archives/edgar/data/14272/000001427219000047/0000014272-19-000047-index.htm", "finalLink": "https://www.sec.gov/Archives/edgar/data/14272/000001427219000047/bmy-20181231x10xk.htm", "calculatedOtherExpenses": 0, "calculatedOperatingExpenses": 10896000000, "calculatedNetInterest": -183000000, "calculatedOtherIncome": 1075000000, "calculatedIncomeNonControlling": 27000000, "calculatedEbitda": 5755000000}, {"date": "2017-12-31", "symbol": "BMY", "reportedCurrency": "USD", "cik": "0000014272", "fillingDate": "2018-02-13", "acceptedDate": "2018-02-13 09:26:31", "calendarYear": "2017", "period": "FY", "revenue": 20776000000, "costOfRevenue": 6066000000, "grossProfit": 14710000000, "grossProfitRatio": 0.7080284944, "researchAndDevelopmentExpenses": 6411000000, "generalAndAdministrativeExpenses": 162000000, "sellingAndMarketingExpenses": 4687000000, "sellingGeneralAndAdministrativeExpenses": 4849000000, "otherExpenses": 1404000000, "operatingExpenses": 11260000000, "costAndExpenses": 17326000000, "interestIncome": 0, "interestExpense": 196000000, "depreciationAndAmortization": 789000000, "ebitda": 5718000000, "ebitdaratio": 0.2752214093, "operatingIncome": 3450000000, "operatingIncomeRatio": 0.1660569888, "totalOtherIncomeExpensesNet": 1877000000, "incomeBeforeTax": 5131000000, "incomeBeforeTaxRatio": 0.246967655, "incomeTaxExpense": 4156000000, "netIncome": 1007000000, "netIncomeRatio": 0.0484693878, "eps": 0.61, "epsdiluted": 0.61, "weightedAverageShsOut": 1645000000, "weightedAverageShsOutDil": 1652000000, "link": "https://www.sec.gov/Archives/edgar/data/14272/000001427218000055/0000014272-18-000055-index.htm", "finalLink": "https://www.sec.gov/Archives/edgar/data/14272/000001427218000055/bmy-20171231x10xk.htm", "calculatedOtherExpenses": 0, "calculatedOperatingExpenses": 11260000000, "calculatedNetInterest": -196000000, "calculatedOtherIncome": 1877000000, "calculatedIncomeNonControlling": -32000000, "calculatedEbitda": 4239000000}, {"date": "2016-12-31", "symbol": "BMY", "reportedCurrency": "USD", "cik": "0000014272", "fillingDate": "2017-02-21", "acceptedDate": "2017-02-21 12:04:14", "calendarYear": "2016", "period": "FY", "revenue": 19427000000, "costOfRevenue": 4946000000, "grossProfit": 14481000000, "grossProfitRatio": 0.7454058784, "researchAndDevelopmentExpenses": 4940000000, "generalAndAdministrativeExpenses": 91000000, "sellingAndMarketingExpenses": 4911000000, "sellingGeneralAndAdministrativeExpenses": 5002000000, "otherExpenses": 1001000000, "operatingExpenses": 9942000000, "costAndExpenses": 14888000000, "interestIncome": 0, "interestExpense": 167000000, "depreciationAndAmortization": 382000000, "ebitda": 5617000000, "ebitdaratio": 0.2891336799, "operatingIncome": 4539000000, "operatingIncomeRatio": 0.2336438977, "totalOtherIncomeExpensesNet": 1543000000, "incomeBeforeTax": 5915000000, "incomeBeforeTaxRatio": 0.3044731559, "incomeTaxExpense": 1408000000, "netIncome": 4457000000, "netIncomeRatio": 0.229422968, "eps": 2.67, "epsdiluted": 2.65, "weightedAverageShsOut": 1671000000, "weightedAverageShsOutDil": 1680000000, "link": "https://www.sec.gov/Archives/edgar/data/14272/000001427217000047/0000014272-17-000047-index.htm", "finalLink": "https://www.sec.gov/Archives/edgar/data/14272/000001427217000047/bmy-20161231x10xk.htm", "calculatedOtherExpenses": 0, "calculatedOperatingExpenses": 9942000000, "calculatedNetInterest": -167000000, "calculatedOtherIncome": 1543000000, "calculatedIncomeNonControlling": 50000000, "calculatedEbitda": 4921000000}, {"date": "2015-12-31", "symbol": "BMY", "reportedCurrency": "USD", "cik": "0000014272", "fillingDate": "2016-02-12", "acceptedDate": "2016-02-12 08:02:37", "calendarYear": "2015", "period": "FY", "revenue": 16560000000, "costOfRevenue": 3909000000, "grossProfit": 12651000000, "grossProfitRatio": 0.7639492754, "researchAndDevelopmentExpenses": 5920000000, "generalAndAdministrativeExpenses": 160000000, "sellingAndMarketingExpenses": 4841000000, "sellingGeneralAndAdministrativeExpenses": 5001000000, "otherExpenses": 621000000, "operatingExpenses": 10921000000, "costAndExpenses": 14830000000, "interestIncome": 0, "interestExpense": 184000000, "depreciationAndAmortization": 376000000, "ebitda": 2434000000, "ebitdaratio": 0.1469806763, "operatingIncome": 1730000000, "operatingIncomeRatio": 0.104468599, "totalOtherIncomeExpensesNet": 621000000, "incomeBeforeTax": 2167000000, "incomeBeforeTaxRatio": 0.1308574879, "incomeTaxExpense": 477000000, "netIncome": 1624000000, "netIncomeRatio": 0.0980676329, "eps": 0.97, "epsdiluted": 0.97, "weightedAverageShsOut": 1667000000, "weightedAverageShsOutDil": 1679000000, "link": "https://www.sec.gov/Archives/edgar/data/14272/000001427216000288/0000014272-16-000288-index.htm", "finalLink": "https://www.sec.gov/Archives/edgar/data/14272/000001427216000288/bmy-20151231x10xk.htm", "calculatedOtherExpenses": 0, "calculatedOperatingExpenses": 10921000000, "calculatedNetInterest": -184000000, "calculatedOtherIncome": 621000000, "calculatedIncomeNonControlling": 66000000, "calculatedEbitda": 2106000000}, {"date": "2014-12-31", "symbol": "BMY", "reportedCurrency": "USD", "cik": "0000014272", "fillingDate": "2015-02-13", "acceptedDate": "2015-02-13 09:38:42", "calendarYear": "2014", "period": "FY", "revenue": 15879000000, "costOfRevenue": 3932000000, "grossProfit": 11947000000, "grossProfitRatio": 0.7523773537, "researchAndDevelopmentExpenses": 4534000000, "generalAndAdministrativeExpenses": 877000000, "sellingAndMarketingExpenses": 4822000000, "sellingGeneralAndAdministrativeExpenses": 5699000000, "otherExpenses": 313000000, "operatingExpenses": 10233000000, "costAndExpenses": 14165000000, "interestIncome": 0, "interestExpense": 203000000, "depreciationAndAmortization": 467000000, "ebitda": 2134000000, "ebitdaratio": 0.1343913345, "operatingIncome": 1714000000, "operatingIncomeRatio": 0.1079413061, "totalOtherIncomeExpensesNet": 870000000, "incomeBeforeTax": 2381000000, "incomeBeforeTaxRatio": 0.1499464702, "incomeTaxExpense": 352000000, "netIncome": 2004000000, "netIncomeRatio": 0.1262044209, "eps": 1.21, "epsdiluted": 1.2, "weightedAverageShsOut": 1657000000, "weightedAverageShsOutDil": 1670000000, "link": "https://www.sec.gov/Archives/edgar/data/14272/000001427215000055/0000014272-15-000055-index.htm", "finalLink": "https://www.sec.gov/Archives/edgar/data/14272/000001427215000055/bmy-20141231x10xk.htm", "calculatedOtherExpenses": 0, "calculatedOperatingExpenses": 10233000000, "calculatedNetInterest": -203000000, "calculatedOtherIncome": 870000000, "calculatedIncomeNonControlling": 25000000, "calculatedEbitda": 2181000000}, {"date": "2013-12-31", "symbol": "BMY", "reportedCurrency": "USD", "cik": "0000014272", "fillingDate": "2014-02-14", "acceptedDate": "2014-02-14 09:37:38", "calendarYear": "2013", "period": "FY", "revenue": 16385000000, "costOfRevenue": 4619000000, "grossProfit": 11766000000, "grossProfitRatio": 0.7180958193, "researchAndDevelopmentExpenses": 3731000000, "generalAndAdministrativeExpenses": 165000000, "sellingAndMarketingExpenses": 4939000000, "sellingGeneralAndAdministrativeExpenses": 5104000000, "otherExpenses": 133000000, "operatingExpenses": 8835000000, "costAndExpenses": 13454000000, "interestIncome": 0, "interestExpense": 199000000, "depreciationAndAmortization": 763000000, "ebitda": 3230000000, "ebitdaratio": 0.1971315227, "operatingIncome": 2931000000, "operatingIncomeRatio": 0.1788831248, "totalOtherIncomeExpensesNet": 159000000, "incomeBeforeTax": 2891000000, "incomeBeforeTaxRatio": 0.1764418676, "incomeTaxExpense": 311000000, "netIncome": 2563000000, "netIncomeRatio": 0.1564235581, "eps": 1.56, "epsdiluted": 1.54, "weightedAverageShsOut": 1644000000, "weightedAverageShsOutDil": 1662000000, "link": "https://www.sec.gov/Archives/edgar/data/14272/000001427214000054/0000014272-14-000054-index.htm", "finalLink": "https://www.sec.gov/Archives/edgar/data/14272/000001427214000054/bmy-20131231x10xk.htm", "calculatedOtherExpenses": 0, "calculatedOperatingExpenses": 8835000000, "calculatedNetInterest": -199000000, "calculatedOtherIncome": 159000000, "calculatedIncomeNonControlling": 17000000, "calculatedEbitda": 3694000000}, {"date": "2012-12-31", "symbol": "BMY", "reportedCurrency": "USD", "cik": "0000014272", "fillingDate": "2013-02-15", "acceptedDate": "2013-02-15 08:55:25", "calendarYear": "2012", "period": "FY", "revenue": 17621000000, "costOfRevenue": 4610000000, "grossProfit": 13011000000, "grossProfitRatio": 0.7383803416, "researchAndDevelopmentExpenses": 3904000000, "generalAndAdministrativeExpenses": 158000000, "sellingAndMarketingExpenses": 5017000000, "sellingGeneralAndAdministrativeExpenses": 5175000000, "otherExpenses": 245000000, "operatingExpenses": 9079000000, "costAndExpenses": 13689000000, "interestIncome": 0, "interestExpense": 182000000, "depreciationAndAmortization": 681000000, "ebitda": 4360000000, "ebitdaratio": 0.2474320413, "operatingIncome": 3932000000, "operatingIncomeRatio": 0.2231428409, "totalOtherIncomeExpensesNet": -1410000000, "incomeBeforeTax": 2340000000, "incomeBeforeTaxRatio": 0.1327960956, "incomeTaxExpense": -161000000, "netIncome": 1960000000, "netIncomeRatio": 0.1112309177, "eps": 1.17, "epsdiluted": 1.16, "weightedAverageShsOut": 1670000000, "weightedAverageShsOutDil": 1688000000, "link": "https://www.sec.gov/Archives/edgar/data/14272/000119312513061678/0001193125-13-061678-index.htm", "finalLink": "https://www.sec.gov/Archives/edgar/data/14272/000119312513061678/d450621d10k.htm", "calculatedOtherExpenses": 0, "calculatedOperatingExpenses": 9079000000, "calculatedNetInterest": -182000000, "calculatedOtherIncome": -1410000000, "calculatedIncomeNonControlling": 541000000, "calculatedEbitda": 4613000000}, {"date": "2011-12-31", "symbol": "BMY", "reportedCurrency": "USD", "cik": "0000014272", "fillingDate": "2012-02-17", "acceptedDate": "2012-02-17 08:44:56", "calendarYear": "2011", "period": "FY", "revenue": 21244000000, "costOfRevenue": 5598000000, "grossProfit": 15646000000, "grossProfitRatio": 0.7364903031, "researchAndDevelopmentExpenses": 3839000000, "generalAndAdministrativeExpenses": 4203000000, "sellingAndMarketingExpenses": 957000000, "sellingGeneralAndAdministrativeExpenses": 5160000000, "otherExpenses": 0, "operatingExpenses": 8611000000, "costAndExpenses": 14209000000, "interestIncome": 91000000, "interestExpense": 145000000, "depreciationAndAmortization": 801000000, "ebitda": 7126000000, "ebitdaratio": 0.3354358878, "operatingIncome": 6647000000, "operatingIncomeRatio": 0.3128883449, "totalOtherIncomeExpensesNet": 45000000, "incomeBeforeTax": 6981000000, "incomeBeforeTaxRatio": 0.3286104312, "incomeTaxExpense": 1721000000, "netIncome": 3709000000, "netIncomeRatio": 0.1745904726, "eps": 2.18, "epsdiluted": 2.16, "weightedAverageShsOut": 1700000000, "weightedAverageShsOutDil": 1717000000, "link": "https://www.sec.gov/Archives/edgar/data/14272/000119312512066416/0001193125-12-066416-index.htm", "finalLink": "https://www.sec.gov/Archives/edgar/data/14272/000119312512066416/d302058d10k.htm", "calculatedOtherExpenses": 0, "calculatedOperatingExpenses": 8999000000, "calculatedNetInterest": -54000000, "calculatedOtherIncome": 388000000, "calculatedIncomeNonControlling": 1551000000, "calculatedEbitda": 7448000000}, {"date": "2010-12-31", "symbol": "BMY", "reportedCurrency": "USD", "cik": "0000014272", "fillingDate": "2011-02-18", "acceptedDate": "2011-02-18 13:34:50", "calendarYear": "2010", "period": "FY", "revenue": 19484000000, "costOfRevenue": 5277000000, "grossProfit": 14207000000, "grossProfitRatio": 0.7291623897, "researchAndDevelopmentExpenses": 3566000000, "generalAndAdministrativeExpenses": 3559000000, "sellingAndMarketingExpenses": 977000000, "sellingGeneralAndAdministrativeExpenses": 4536000000, "otherExpenses": 284000000, "operatingExpenses": 7707000000, "costAndExpenses": 12984000000, "interestIncome": 75000000, "interestExpense": 145000000, "depreciationAndAmortization": 744000000, "ebitda": 6575000000, "ebitdaratio": 0.3374563745, "operatingIncome": 5605000000, "operatingIncomeRatio": 0.2876719359, "totalOtherIncomeExpensesNet": -359000000, "incomeBeforeTax": 6071000000, "incomeBeforeTaxRatio": 0.3115889961, "incomeTaxExpense": 1558000000, "netIncome": 3102000000, "netIncomeRatio": 0.1592075549, "eps": 1.81, "epsdiluted": 1.8, "weightedAverageShsOut": 1713000000, "weightedAverageShsOutDil": 1727000000, "link": "https://www.sec.gov/Archives/edgar/data/14272/000119312511040120/0001193125-11-040120-index.htm", "finalLink": "https://www.sec.gov/Archives/edgar/data/14272/000119312511040120/d10k.htm", "calculatedOtherExpenses": 500000000, "calculatedOperatingExpenses": 8602000000, "calculatedNetInterest": -70000000, "calculatedOtherIncome": 536000000, "calculatedIncomeNonControlling": 1411000000, "calculatedEbitda": 6349000000}, {"date": "2009-12-31", "symbol": "BMY", "reportedCurrency": "USD", "cik": "0000014272", "fillingDate": "2010-02-19", "acceptedDate": "2010-02-19 15:38:21", "calendarYear": "2009", "period": "FY", "revenue": 18808000000, "costOfRevenue": 5140000000, "grossProfit": 13668000000, "grossProfitRatio": 0.7267120374, "researchAndDevelopmentExpenses": 3647000000, "generalAndAdministrativeExpenses": 4078000000, "sellingAndMarketingExpenses": 1136000000, "sellingGeneralAndAdministrativeExpenses": 5214000000, "otherExpenses": -931000000, "operatingExpenses": 8861000000, "costAndExpenses": 14001000000, "interestIncome": 54000000, "interestExpense": 184000000, "depreciationAndAmortization": 707000000, "ebitda": 4311000000, "ebitdaratio": 0.2292109741, "operatingIncome": 5738000000, "operatingIncomeRatio": 0.3050829434, "totalOtherIncomeExpensesNet": 925000000, "incomeBeforeTax": 5602000000, "incomeBeforeTaxRatio": 0.2978519779, "incomeTaxExpense": 1182000000, "netIncome": 10612000000, "netIncomeRatio": 0.5642279881, "eps": 5.38, "epsdiluted": 5.37, "weightedAverageShsOut": 1974000000, "weightedAverageShsOutDil": 1978000000, "link": "https://www.sec.gov/Archives/edgar/data/14272/000119312510035167/0001193125-10-035167-index.htm", "finalLink": "https://www.sec.gov/Archives/edgar/data/14272/000119312510035167/d10k.htm", "calculatedOtherExpenses": -931000000, "calculatedOperatingExpenses": 7930000000, "calculatedNetInterest": -130000000, "calculatedOtherIncome": -6000000, "calculatedIncomeNonControlling": -6192000000, "calculatedEbitda": 6445000000}, {"date": "2008-12-31", "symbol": "BMY", "reportedCurrency": "USD", "cik": "0000014272", "fillingDate": "2009-02-20", "acceptedDate": "2009-02-20 06:11:29", "calendarYear": "2008", "period": "FY", "revenue": 20597000000, "costOfRevenue": 6396000000, "grossProfit": 14201000000, "grossProfitRatio": 0.6894693402, "researchAndDevelopmentExpenses": 3585000000, "generalAndAdministrativeExpenses": 4825000000, "sellingAndMarketingExpenses": 1550000000, "sellingGeneralAndAdministrativeExpenses": 6375000000, "otherExpenses": 0, "operatingExpenses": 8480000000, "costAndExpenses": 14876000000, "interestIncome": 0, "interestExpense": 0, "depreciationAndAmortization": 816000000, "ebitda": 5971000000, "ebitdaratio": 0.2898965869, "operatingIncome": 4241000000, "operatingIncomeRatio": 0.2059037724, "totalOtherIncomeExpensesNet": -250000000, "incomeBeforeTax": 5471000000, "incomeBeforeTaxRatio": 0.265621207, "incomeTaxExpense": 1320000000, "netIncome": 5247000000, "netIncomeRatio": 0.2547458368, "eps": 2.65, "epsdiluted": 2.62, "weightedAverageShsOut": 1977000000, "weightedAverageShsOutDil": 2001000000, "link": "https://www.sec.gov/Archives/edgar/data/14272/000119312509033538/0001193125-09-033538-index.htm", "finalLink": "https://www.sec.gov/Archives/edgar/data/14272/000119312509033538/d10k.htm", "calculatedOtherExpenses": 0, "calculatedOperatingExpenses": 9960000000, "calculatedNetInterest": 0, "calculatedOtherIncome": 1230000000, "calculatedIncomeNonControlling": -1096000000, "calculatedEbitda": 5057000000}, {"date": "2007-12-31", "symbol": "BMY", "reportedCurrency": "USD", "cik": "0000014272", "fillingDate": "2008-02-22", "acceptedDate": "2008-02-21 20:40:21", "calendarYear": "2007", "period": "FY", "revenue": 19348000000, "costOfRevenue": 6218000000, "grossProfit": 13130000000, "grossProfitRatio": 0.6786231135, "researchAndDevelopmentExpenses": 3282000000, "generalAndAdministrativeExpenses": 4855000000, "sellingAndMarketingExpenses": 1465000000, "sellingGeneralAndAdministrativeExpenses": 6320000000, "otherExpenses": 0, "operatingExpenses": 9602000000, "costAndExpenses": 15820000000, "interestIncome": 0, "interestExpense": 0, "depreciationAndAmortization": 892000000, "ebitda": 4757000000, "ebitdaratio": 0.2458652057, "operatingIncome": 3528000000, "operatingIncomeRatio": 0.1823444284, "totalOtherIncomeExpensesNet": 187000000, "incomeBeforeTax": 3534000000, "incomeBeforeTaxRatio": 0.1826545379, "incomeTaxExpense": 803000000, "netIncome": 2165000000, "netIncomeRatio": 0.1118978706, "eps": 1.1, "epsdiluted": 1.09, "weightedAverageShsOut": 1970000000, "weightedAverageShsOutDil": 1980000000, "link": "https://www.sec.gov/Archives/edgar/data/14272/000119312508035566/0001193125-08-035566-index.htm", "finalLink": "https://www.sec.gov/Archives/edgar/data/14272/000119312508035566/d10k.htm", "calculatedOtherExpenses": 0, "calculatedOperatingExpenses": 9602000000, "calculatedNetInterest": 0, "calculatedOtherIncome": 6000000, "calculatedIncomeNonControlling": 566000000, "calculatedEbitda": 4420000000}, {"date": "2006-12-31", "symbol": "BMY", "reportedCurrency": "USD", "cik": "0000014272", "fillingDate": "2007-02-26", "acceptedDate": "2007-02-26 17:25:27", "calendarYear": "2006", "period": "FY", "revenue": 17914000000, "costOfRevenue": 5956000000, "grossProfit": 11958000000, "grossProfitRatio": 0.667522608, "researchAndDevelopmentExpenses": 3067000000, "generalAndAdministrativeExpenses": 4919000000, "sellingAndMarketingExpenses": 1351000000, "sellingGeneralAndAdministrativeExpenses": 6270000000, "otherExpenses": 0, "operatingExpenses": 9337000000, "costAndExpenses": 15293000000, "interestIncome": 0, "interestExpense": 0, "depreciationAndAmortization": 927000000, "ebitda": 3784000000, "ebitdaratio": 0.2112314391, "operatingIncome": 2621000000, "operatingIncomeRatio": 0.1463101485, "totalOtherIncomeExpensesNet": 238000000, "incomeBeforeTax": 2635000000, "incomeBeforeTaxRatio": 0.1470916602, "incomeTaxExpense": 610000000, "netIncome": 1585000000, "netIncomeRatio": 0.0884782851, "eps": 0.81, "epsdiluted": 0.81, "weightedAverageShsOut": 1960000000, "weightedAverageShsOutDil": 1963000000, "link": "https://www.sec.gov/Archives/edgar/data/14272/000119312507039915/0001193125-07-039915-index.htm", "finalLink": "https://www.sec.gov/Archives/edgar/data/14272/000119312507039915/d10k.htm", "calculatedOtherExpenses": 0, "calculatedOperatingExpenses": 9337000000, "calculatedNetInterest": 0, "calculatedOtherIncome": 14000000, "calculatedIncomeNonControlling": 440000000, "calculatedEbitda": 3548000000}, {"date": "2005-12-31", "symbol": "BMY", "reportedCurrency": "USD", "cik": "0000014272", "fillingDate": "2006-03-14", "acceptedDate": "2006-03-13 17:34:51", "calendarYear": "2005", "period": "FY", "revenue": 19207000000, "costOfRevenue": 5928000000, "grossProfit": 13279000000, "grossProfitRatio": 0.6913625241, "researchAndDevelopmentExpenses": 2746000000, "generalAndAdministrativeExpenses": 5106000000, "sellingAndMarketingExpenses": 1476000000, "sellingGeneralAndAdministrativeExpenses": 6582000000, "otherExpenses": 0, "operatingExpenses": 9328000000, "costAndExpenses": 15256000000, "interestIncome": 0, "interestExpense": 0, "depreciationAndAmortization": 929000000, "ebitda": 4448000000, "ebitdaratio": 0.2315822356, "operatingIncome": 3951000000, "operatingIncomeRatio": 0.2057062529, "totalOtherIncomeExpensesNet": 766000000, "incomeBeforeTax": 4516000000, "incomeBeforeTaxRatio": 0.2351226115, "incomeTaxExpense": 932000000, "netIncome": 3000000000, "netIncomeRatio": 0.1561930546, "eps": 1.54, "epsdiluted": 1.51, "weightedAverageShsOut": 1952000000, "weightedAverageShsOutDil": 1983000000, "link": "https://www.sec.gov/Archives/edgar/data/14272/000119312506052456/0001193125-06-052456-index.htm", "finalLink": "https://www.sec.gov/Archives/edgar/data/14272/000119312506052456/d10k.htm", "calculatedOtherExpenses": 0, "calculatedOperatingExpenses": 9328000000, "calculatedNetInterest": 0, "calculatedOtherIncome": 565000000, "calculatedIncomeNonControlling": 584000000, "calculatedEbitda": 4880000000}, {"date": "2004-12-31", "symbol": "BMY", "reportedCurrency": "USD", "cik": "0000014272", "fillingDate": "2005-03-04", "acceptedDate": "2005-03-03 17:41:09", "calendarYear": "2004", "period": "FY", "revenue": 19380000000, "costOfRevenue": 5989000000, "grossProfit": 13391000000, "grossProfitRatio": 0.6909700722, "researchAndDevelopmentExpenses": 2500000000, "generalAndAdministrativeExpenses": 5016000000, "sellingAndMarketingExpenses": 1411000000, "sellingGeneralAndAdministrativeExpenses": 6427000000, "otherExpenses": 0, "operatingExpenses": 8927000000, "costAndExpenses": 14916000000, "interestIncome": 0, "interestExpense": 0, "depreciationAndAmortization": 909000000, "ebitda": 5487000000, "ebitdaratio": 0.283126935, "operatingIncome": 4464000000, "operatingIncomeRatio": 0.2303405573, "totalOtherIncomeExpensesNet": 159000000, "incomeBeforeTax": 4418000000, "incomeBeforeTaxRatio": 0.2279669763, "incomeTaxExpense": 1519000000, "netIncome": 2388000000, "netIncomeRatio": 0.1232198142, "eps": 1.23, "epsdiluted": 1.21, "weightedAverageShsOut": 1942000000, "weightedAverageShsOutDil": 1976000000, "link": "https://www.sec.gov/Archives/edgar/data/14272/000119312505041808/0001193125-05-041808-index.htm", "finalLink": "https://www.sec.gov/Archives/edgar/data/14272/000119312505041808/d10k.htm", "calculatedOtherExpenses": 0, "calculatedOperatingExpenses": 8927000000, "calculatedNetInterest": 0, "calculatedOtherIncome": -46000000, "calculatedIncomeNonControlling": 511000000, "calculatedEbitda": 5373000000}, {"date": "2003-12-31", "symbol": "BMY", "reportedCurrency": "USD", "cik": "0000014272", "fillingDate": "2004-03-15", "acceptedDate": "2004-03-15 06:53:11", "calendarYear": "2003", "period": "FY", "revenue": 20894000000, "costOfRevenue": 7592000000, "grossProfit": 13302000000, "grossProfitRatio": 0.6366420982, "researchAndDevelopmentExpenses": 2279000000, "generalAndAdministrativeExpenses": 4660000000, "sellingAndMarketingExpenses": 1416000000, "sellingGeneralAndAdministrativeExpenses": 6076000000, "otherExpenses": 0, "operatingExpenses": 8355000000, "costAndExpenses": 15947000000, "interestIncome": 0, "interestExpense": 0, "depreciationAndAmortization": 789000000, "ebitda": 5928000000, "ebitdaratio": 0.2837178137, "operatingIncome": 4947000000, "operatingIncomeRatio": 0.2367665358, "totalOtherIncomeExpensesNet": -41000000, "incomeBeforeTax": 4694000000, "incomeBeforeTaxRatio": 0.2246577965, "incomeTaxExpense": 1215000000, "netIncome": 3106000000, "netIncomeRatio": 0.1486551163, "eps": 1.6, "epsdiluted": 1.59, "weightedAverageShsOut": 1937000000, "weightedAverageShsOutDil": 1950000000, "link": "https://www.sec.gov/Archives/edgar/data/14272/000119312504041353/0001193125-04-041353-index.htm", "finalLink": "https://www.sec.gov/Archives/edgar/data/14272/000119312504041353/d10k.htm", "calculatedOtherExpenses": 0, "calculatedOperatingExpenses": 8355000000, "calculatedNetInterest": 0, "calculatedOtherIncome": -253000000, "calculatedIncomeNonControlling": 373000000, "calculatedEbitda": 5736000000}, {"date": "2002-12-31", "symbol": "BMY", "reportedCurrency": "USD", "cik": "0000014272", "fillingDate": "2003-03-28", "acceptedDate": "2003-03-28 13:42:11", "calendarYear": "2002", "period": "FY", "revenue": 18119000000, "costOfRevenue": 6388000000, "grossProfit": 11731000000, "grossProfitRatio": 0.6474419118, "researchAndDevelopmentExpenses": 2218000000, "generalAndAdministrativeExpenses": 3923000000, "sellingAndMarketingExpenses": 1295000000, "sellingGeneralAndAdministrativeExpenses": 5218000000, "otherExpenses": 0, "operatingExpenses": 7436000000, "costAndExpenses": 13824000000, "interestIncome": 0, "interestExpense": 410000000, "depreciationAndAmortization": 735000000, "ebitda": 6395000000, "ebitdaratio": 0.352944423, "operatingIncome": 4295000000, "operatingIncomeRatio": 0.237043987, "totalOtherIncomeExpensesNet": -1365000000, "incomeBeforeTax": 2647000000, "incomeBeforeTaxRatio": 0.1460897401, "incomeTaxExpense": 435000000, "netIncome": 2066000000, "netIncomeRatio": 0.1140239528, "eps": 1.03, "epsdiluted": 1.02, "weightedAverageShsOut": 1997196262, "weightedAverageShsOutDil": 2016037736, "link": "https://www.sec.gov/Archives/edgar/data/14272/000104746903010810/0001047469-03-010810-index.htm", "finalLink": "https://www.sec.gov/Archives/edgar/data/14272/000104746903010810/a2106681z10-k.htm", "calculatedOtherExpenses": 0, "calculatedOperatingExpenses": 7436000000, "calculatedNetInterest": -410000000, "calculatedOtherIncome": -1238000000, "calculatedIncomeNonControlling": 146000000, "calculatedEbitda": 5030000000}, {"date": "2001-12-31", "symbol": "BMY", "reportedCurrency": "USD", "cik": "0000014272", "fillingDate": "2002-04-01", "acceptedDate": "2002-04-01 00:00:00", "calendarYear": "2001", "period": "FY", "revenue": 19423000000, "costOfRevenue": 5575000000, "grossProfit": 13848000000, "grossProfitRatio": 0.7129691603, "researchAndDevelopmentExpenses": 2259000000, "generalAndAdministrativeExpenses": 3903000000, "sellingAndMarketingExpenses": 1433000000, "sellingGeneralAndAdministrativeExpenses": 5336000000, "otherExpenses": 0, "operatingExpenses": 7595000000, "costAndExpenses": 13170000000, "interestIncome": 0, "interestExpense": 0, "depreciationAndAmortization": 781000000, "ebitda": 10252000000, "ebitdaratio": 0.527827833, "operatingIncome": 6253000000, "operatingIncomeRatio": 0.3219379087, "totalOtherIncomeExpensesNet": -3218000000, "incomeBeforeTax": 2896000000, "incomeBeforeTaxRatio": 0.1491015806, "incomeTaxExpense": 459000000, "netIncome": 5245000000, "netIncomeRatio": 0.2700406734, "eps": 2.7, "epsdiluted": 2.67, "weightedAverageShsOut": 1940000000, "weightedAverageShsOutDil": 1965000000, "link": "https://www.sec.gov/Archives/edgar/data/14272/000091205702013034/0000912057-02-013034-index.htm", "finalLink": "https://www.sec.gov/Archives/edgar/data/14272/000091205702013034/a2074555z10-k405.htm", "calculatedOtherExpenses": 0, "calculatedOperatingExpenses": 7595000000, "calculatedNetInterest": 0, "calculatedOtherIncome": -3357000000, "calculatedIncomeNonControlling": -2808000000, "calculatedEbitda": 7034000000}, {"date": "2000-12-31", "symbol": "BMY", "reportedCurrency": "USD", "cik": "0000014272", "fillingDate": "2001-04-02", "acceptedDate": "2001-04-02 00:00:00", "calendarYear": "2000", "period": "FY", "revenue": 18216000000, "costOfRevenue": 4013000000, "grossProfit": 14203000000, "grossProfitRatio": 0.7796991656, "researchAndDevelopmentExpenses": 1939000000, "generalAndAdministrativeExpenses": 3860000000, "sellingAndMarketingExpenses": 1672000000, "sellingGeneralAndAdministrativeExpenses": 5532000000, "otherExpenses": 746000000, "operatingExpenses": 8217000000, "costAndExpenses": 12230000000, "interestIncome": 0, "interestExpense": 0, "depreciationAndAmortization": 746000000, "ebitda": 7289000000, "ebitdaratio": 0.4001427317, "operatingIncome": 5986000000, "operatingIncomeRatio": 0.328612209, "totalOtherIncomeExpensesNet": -557000000, "incomeBeforeTax": 5478000000, "incomeBeforeTaxRatio": 0.3007246377, "incomeTaxExpense": 1382000000, "netIncome": 4711000000, "netIncomeRatio": 0.2586187967, "eps": 2.4, "epsdiluted": 2.36, "weightedAverageShsOut": 1965000000, "weightedAverageShsOutDil": 1997000000, "link": "https://www.sec.gov/Archives/edgar/data/14272/000001427201500006/0000014272-01-500006-index.htm", "finalLink": "https://www.sec.gov/Archives/edgar/data/14272/000001427201500006/r10k1231.htm", "calculatedOtherExpenses": 746000000, "calculatedOperatingExpenses": 8217000000, "calculatedNetInterest": 0, "calculatedOtherIncome": -508000000, "calculatedIncomeNonControlling": -615000000, "calculatedEbitda": 6732000000}, {"date": "1999-12-31", "symbol": "BMY", "reportedCurrency": "USD", "cik": "0000014272", "fillingDate": "2000-03-30", "acceptedDate": "2000-03-30 00:00:00", "calendarYear": "1999", "period": "FY", "revenue": 20222000000, "costOfRevenue": 4861000000, "grossProfit": 15361000000, "grossProfitRatio": 0.7596182376, "researchAndDevelopmentExpenses": 1843000000, "generalAndAdministrativeExpenses": 0, "sellingAndMarketingExpenses": 0, "sellingGeneralAndAdministrativeExpenses": 6987000000, "otherExpenses": 678000000, "operatingExpenses": 9508000000, "costAndExpenses": 14369000000, "interestIncome": 0, "interestExpense": 0, "depreciationAndAmortization": 678000000, "ebitda": 6594000000, "ebitdaratio": 0.3260805064, "operatingIncome": 5853000000, "operatingIncomeRatio": 0.2894372466, "totalOtherIncomeExpensesNet": -63000000, "incomeBeforeTax": 5767000000, "incomeBeforeTaxRatio": 0.2851844526, "incomeTaxExpense": 1600000000, "netIncome": 4167000000, "netIncomeRatio": 0.206062704, "eps": 2.1, "epsdiluted": 2.06, "weightedAverageShsOut": 1984000000, "weightedAverageShsOutDil": 2027000000, "link": "https://www.sec.gov/Archives/edgar/data/14272/000001427200000002/0000014272-00-000002-index.html", "finalLink": "https://www.sec.gov/Archives/edgar/data/14272/000001427200000002/", "calculatedOtherExpenses": 678000000, "calculatedOperatingExpenses": 9508000000, "calculatedNetInterest": 0, "calculatedOtherIncome": -86000000, "calculatedIncomeNonControlling": 0, "calculatedEbitda": 6531000000}, {"date": "1998-12-31", "symbol": "BMY", "reportedCurrency": "USD", "cik": "0000014272", "fillingDate": "1999-03-30", "acceptedDate": "1999-03-30 00:00:00", "calendarYear": "1998", "period": "FY", "revenue": 18284000000, "costOfRevenue": 4231000000, "grossProfit": 14053000000, "grossProfitRatio": 0.7685954933, "researchAndDevelopmentExpenses": 1577000000, "generalAndAdministrativeExpenses": 0, "sellingAndMarketingExpenses": 0, "sellingGeneralAndAdministrativeExpenses": 6730000000, "otherExpenses": 625000000, "operatingExpenses": 8932000000, "costAndExpenses": 13163000000, "interestIncome": 0, "interestExpense": 0, "depreciationAndAmortization": 625000000, "ebitda": 6532000000, "ebitdaratio": 0.3572522424, "operatingIncome": 5121000000, "operatingIncomeRatio": 0.2800809451, "totalOtherIncomeExpensesNet": -786000000, "incomeBeforeTax": 4268000000, "incomeBeforeTaxRatio": 0.2334281339, "incomeTaxExpense": 1127000000, "netIncome": 3141000000, "netIncomeRatio": 0.1717895428, "eps": 1.58, "epsdiluted": 1.55, "weightedAverageShsOut": 1987000000, "weightedAverageShsOutDil": 2031000000, "link": "https://www.sec.gov/Archives/edgar/data/14272/000001427299000002/0000014272-99-000002-index.html", "finalLink": "https://www.sec.gov/Archives/edgar/data/14272/", "calculatedOtherExpenses": 625000000, "calculatedOperatingExpenses": 8932000000, "calculatedNetInterest": 0, "calculatedOtherIncome": -853000000, "calculatedIncomeNonControlling": 0, "calculatedEbitda": 5746000000}, {"date": "1997-12-31", "symbol": "BMY", "reportedCurrency": "USD", "cik": "0000014272", "fillingDate": "1998-03-31", "acceptedDate": "1998-03-31 00:00:00", "calendarYear": "1997", "period": "FY", "revenue": 16701000000, "costOfRevenue": 3873000000, "grossProfit": 12828000000, "grossProfitRatio": 0.7680977187, "researchAndDevelopmentExpenses": 1385000000, "generalAndAdministrativeExpenses": 0, "sellingAndMarketingExpenses": 0, "sellingGeneralAndAdministrativeExpenses": 6414000000, "otherExpenses": 591000000, "operatingExpenses": 8390000000, "costAndExpenses": 12263000000, "interestIncome": 0, "interestExpense": 0, "depreciationAndAmortization": 591000000, "ebitda": 4973000000, "ebitdaratio": 0.2977666008, "operatingIncome": 4438000000, "operatingIncomeRatio": 0.2657325909, "totalOtherIncomeExpensesNet": 56000000, "incomeBeforeTax": 4482000000, "incomeBeforeTaxRatio": 0.2683671636, "incomeTaxExpense": 1277000000, "netIncome": 3205000000, "netIncomeRatio": 0.1919046764, "eps": 1.61, "epsdiluted": 1.57, "weightedAverageShsOut": 1992000000, "weightedAverageShsOutDil": 2042000000, "link": "https://www.sec.gov/Archives/edgar/data/14272/000001427298000002/0000014272-98-000002-index.html", "finalLink": "https://www.sec.gov/Archives/edgar/data/14272/", "calculatedOtherExpenses": 591000000, "calculatedOperatingExpenses": 8390000000, "calculatedNetInterest": 0, "calculatedOtherIncome": 44000000, "calculatedIncomeNonControlling": 0, "calculatedEbitda": 5029000000}, {"date": "1996-12-31", "symbol": "BMY", "reportedCurrency": "USD", "cik": "0000014272", "fillingDate": "1997-03-31", "acceptedDate": "1997-03-31 00:00:00", "calendarYear": "1996", "period": "FY", "revenue": 15065000000, "costOfRevenue": 3446000000, "grossProfit": 11619000000, "grossProfitRatio": 0.7712578825, "researchAndDevelopmentExpenses": 1276000000, "generalAndAdministrativeExpenses": 0, "sellingAndMarketingExpenses": 0, "sellingGeneralAndAdministrativeExpenses": 5871000000, "otherExpenses": 519000000, "operatingExpenses": 7666000000, "costAndExpenses": 11112000000, "interestIncome": 0, "interestExpense": 0, "depreciationAndAmortization": 519000000, "ebitda": 4429000000, "ebitdaratio": 0.2939926983, "operatingIncome": 3953000000, "operatingIncomeRatio": 0.2623962828, "totalOtherIncomeExpensesNet": 43000000, "incomeBeforeTax": 4013000000, "incomeBeforeTaxRatio": 0.2663790242, "incomeTaxExpense": 1163000000, "netIncome": 2850000000, "netIncomeRatio": 0.1891802191, "eps": 1.42, "epsdiluted": 1.4, "weightedAverageShsOut": 2008000000, "weightedAverageShsOutDil": 2036000000, "link": "https://www.sec.gov/Archives/edgar/data/14272/000001427297000008/0000014272-97-000008-index.html", "finalLink": "https://www.sec.gov/Archives/edgar/data/14272/", "calculatedOtherExpenses": 519000000, "calculatedOperatingExpenses": 7666000000, "calculatedNetInterest": 0, "calculatedOtherIncome": 60000000, "calculatedIncomeNonControlling": 0, "calculatedEbitda": 4472000000}, {"date": "1995-12-31", "symbol": "BMY", "reportedCurrency": "USD", "cik": "0000014272", "fillingDate": "1996-03-28", "acceptedDate": "1996-03-28 00:00:00", "calendarYear": "1995", "period": "FY", "revenue": 13767000000, "costOfRevenue": 3189000000, "grossProfit": 10578000000, "grossProfitRatio": 0.7683591196, "researchAndDevelopmentExpenses": 1199000000, "generalAndAdministrativeExpenses": 0, "sellingAndMarketingExpenses": 0, "sellingGeneralAndAdministrativeExpenses": 5316000000, "otherExpenses": 448000000, "operatingExpenses": 6963000000, "costAndExpenses": 10152000000, "interestIncome": 0, "interestExpense": 0, "depreciationAndAmortization": 448000000, "ebitda": 5318000000, "ebitdaratio": 0.3862860463, "operatingIncome": 3615000000, "operatingIncomeRatio": 0.2625844411, "totalOtherIncomeExpensesNet": -1255000000, "incomeBeforeTax": 2402000000, "incomeBeforeTaxRatio": 0.1744751943, "incomeTaxExpense": 590000000, "netIncome": 1812000000, "netIncomeRatio": 0.1316190891, "eps": 0.9, "epsdiluted": 0.89, "weightedAverageShsOut": 2024000000, "weightedAverageShsOutDil": 2032000000, "link": "https://www.sec.gov/Archives/edgar/data/14272/000001427296000002/0000014272-96-000002-index.html", "finalLink": "https://www.sec.gov/Archives/edgar/data/14272/", "calculatedOtherExpenses": 448000000, "calculatedOperatingExpenses": 6963000000, "calculatedNetInterest": 0, "calculatedOtherIncome": -1213000000, "calculatedIncomeNonControlling": 0, "calculatedEbitda": 4063000000}, {"date": "1994-12-31", "symbol": "BMY", "reportedCurrency": "USD", "cik": "0000014272", "fillingDate": "1995-03-29", "acceptedDate": "1995-03-29 00:00:00", "calendarYear": "1994", "period": "FY", "revenue": 11984000000, "costOfRevenue": 2794000000, "grossProfit": 9190000000, "grossProfitRatio": 0.7668558077, "researchAndDevelopmentExpenses": 1108000000, "generalAndAdministrativeExpenses": 0, "sellingAndMarketingExpenses": 0, "sellingGeneralAndAdministrativeExpenses": 4533000000, "otherExpenses": 328000000, "operatingExpenses": 5969000000, "costAndExpenses": 8763000000, "interestIncome": 0, "interestExpense": 0, "depreciationAndAmortization": 328000000, "ebitda": 4271000000, "ebitdaratio": 0.3563918558, "operatingIncome": 3221000000, "operatingIncomeRatio": 0.2687750334, "totalOtherIncomeExpensesNet": -722000000, "incomeBeforeTax": 2555000000, "incomeBeforeTaxRatio": 0.2132009346, "incomeTaxExpense": 713000000, "netIncome": 1842000000, "netIncomeRatio": 0.1537049399, "eps": 0.9, "epsdiluted": 0.9, "weightedAverageShsOut": 2036000000, "weightedAverageShsOutDil": 2036000000, "link": "https://www.sec.gov/Archives/edgar/data/14272/000001427295000004/0000014272-95-000004-index.html", "finalLink": "https://www.sec.gov/Archives/edgar/data/14272/", "calculatedOtherExpenses": 328000000, "calculatedOperatingExpenses": 5969000000, "calculatedNetInterest": 0, "calculatedOtherIncome": -666000000, "calculatedIncomeNonControlling": 0, "calculatedEbitda": 3549000000}, {"date": "1993-12-31", "symbol": "BMY", "reportedCurrency": "USD", "cik": "0000014272", "fillingDate": "1994-03-31", "acceptedDate": "1994-03-31 00:00:00", "calendarYear": "1993", "period": "FY", "revenue": 11413000000, "costOfRevenue": 2721000000, "grossProfit": 8692000000, "grossProfitRatio": 0.7615876632, "researchAndDevelopmentExpenses": 0, "generalAndAdministrativeExpenses": 0, "sellingAndMarketingExpenses": 0, "sellingGeneralAndAdministrativeExpenses": 5981000000, "otherExpenses": 308000000, "operatingExpenses": 6289000000, "costAndExpenses": 9010000000, "interestIncome": 0, "interestExpense": 0, "depreciationAndAmortization": 308000000, "ebitda": 2486000000, "ebitdaratio": 0.2178217822, "operatingIncome": 2403000000, "operatingIncomeRatio": 0.2105493735, "totalOtherIncomeExpensesNet": 225000000, "incomeBeforeTax": 2571000000, "incomeBeforeTaxRatio": 0.2252694296, "incomeTaxExpense": 612000000, "netIncome": 1959000000, "netIncomeRatio": 0.1716463682, "eps": 0.95, "epsdiluted": 0.95, "weightedAverageShsOut": 2062105263, "weightedAverageShsOutDil": 2062105263, "link": "https://www.sec.gov/Archives/edgar/data/14272/000001427294000003/0000014272-94-000003-index.html", "finalLink": "https://www.sec.gov/Archives/edgar/data/14272/", "calculatedOtherExpenses": 308000000, "calculatedOperatingExpenses": 6289000000, "calculatedNetInterest": 0, "calculatedOtherIncome": 168000000, "calculatedIncomeNonControlling": 0, "calculatedEbitda": 2711000000}, {"date": "1992-12-31", "symbol": "BMY", "reportedCurrency": "USD", "cik": "0000014272", "fillingDate": "1992-12-31", "acceptedDate": "1992-12-30 19:00:00", "calendarYear": "1992", "period": "FY", "revenue": 11156000000, "costOfRevenue": 2562000000, "grossProfit": 8594000000, "grossProfitRatio": 0.7703477949, "researchAndDevelopmentExpenses": 0, "generalAndAdministrativeExpenses": 0, "sellingAndMarketingExpenses": 0, "sellingGeneralAndAdministrativeExpenses": 6339000000, "otherExpenses": 295000000, "operatingExpenses": 6634000000, "costAndExpenses": 9196000000, "interestIncome": 0, "interestExpense": 0, "depreciationAndAmortization": 295000000, "ebitda": 2179000000, "ebitdaratio": 0.1953209035, "operatingIncome": 1960000000, "operatingIncomeRatio": 0.1756902115, "totalOtherIncomeExpensesNet": 76000000, "incomeBeforeTax": 1987000000, "incomeBeforeTaxRatio": 0.1781104338, "incomeTaxExpense": 449000000, "netIncome": 1962000000, "netIncomeRatio": 0.1758694873, "eps": 0.96, "epsdiluted": 0.96, "weightedAverageShsOut": 2043750000, "weightedAverageShsOutDil": 2043750000, "link": "", "finalLink": "", "calculatedOtherExpenses": 295000000, "calculatedOperatingExpenses": 6634000000, "calculatedNetInterest": 0, "calculatedOtherIncome": 27000000, "calculatedIncomeNonControlling": -424000000, "calculatedEbitda": 2255000000}, {"date": "1991-12-31", "symbol": "BMY", "reportedCurrency": "USD", "cik": "0000014272", "fillingDate": "1991-12-31", "acceptedDate": "1991-12-30 19:00:00", "calendarYear": "1991", "period": "FY", "revenue": 11159000000, "costOfRevenue": 2684000000, "grossProfit": 8475000000, "grossProfitRatio": 0.7594766556, "researchAndDevelopmentExpenses": 0, "generalAndAdministrativeExpenses": 0, "sellingAndMarketingExpenses": 0, "sellingGeneralAndAdministrativeExpenses": 5463000000, "otherExpenses": 246000000, "operatingExpenses": 5709000000, "costAndExpenses": 8393000000, "interestIncome": 0, "interestExpense": 0, "depreciationAndAmortization": 246000000, "ebitda": 2835000000, "ebitdaratio": 0.2540550229, "operatingIncome": 2766000000, "operatingIncomeRatio": 0.2478716731, "totalOtherIncomeExpensesNet": 177000000, "incomeBeforeTax": 2887000000, "incomeBeforeTaxRatio": 0.2587149386, "incomeTaxExpense": 831000000, "netIncome": 2056000000, "netIncomeRatio": 0.1842459002, "eps": 0.99, "epsdiluted": 0.99, "weightedAverageShsOut": 2076767677, "weightedAverageShsOutDil": 2076767677, "link": "", "finalLink": "", "calculatedOtherExpenses": 246000000, "calculatedOperatingExpenses": 5709000000, "calculatedNetInterest": 0, "calculatedOtherIncome": 121000000, "calculatedIncomeNonControlling": 0, "calculatedEbitda": 3012000000}, {"date": "1990-12-31", "symbol": "BMY", "reportedCurrency": "USD", "cik": "0000014272", "fillingDate": "1990-12-31", "acceptedDate": "1990-12-30 19:00:00", "calendarYear": "1990", "period": "FY", "revenue": 10300000000, "costOfRevenue": 2630000000, "grossProfit": 7670000000, "grossProfitRatio": 0.7446601942, "researchAndDevelopmentExpenses": 0, "generalAndAdministrativeExpenses": 0, "sellingAndMarketingExpenses": 0, "sellingGeneralAndAdministrativeExpenses": 5037000000, "otherExpenses": 244000000, "operatingExpenses": 5281000000, "costAndExpenses": 7911000000, "interestIncome": 0, "interestExpense": 0, "depreciationAndAmortization": 244000000, "ebitda": 2441000000, "ebitdaratio": 0.2369902913, "operatingIncome": 2389000000, "operatingIncomeRatio": 0.2319417476, "totalOtherIncomeExpensesNet": 192000000, "incomeBeforeTax": 2524000000, "incomeBeforeTaxRatio": 0.2450485437, "incomeTaxExpense": 776000000, "netIncome": 1748000000, "netIncomeRatio": 0.1697087379, "eps": 0.84, "epsdiluted": 0.84, "weightedAverageShsOut": 2080952381, "weightedAverageShsOutDil": 2080952381, "link": "", "finalLink": "", "calculatedOtherExpenses": 244000000, "calculatedOperatingExpenses": 5281000000, "calculatedNetInterest": 0, "calculatedOtherIncome": 135000000, "calculatedIncomeNonControlling": 0, "calculatedEbitda": 2633000000}, {"date": "1989-12-31", "symbol": "BMY", "reportedCurrency": "USD", "cik": "0000014272", "fillingDate": "1989-12-31", "acceptedDate": "1989-12-30 19:00:00", "calendarYear": "1989", "period": "FY", "revenue": 9189000000, "costOfRevenue": 2460000000, "grossProfit": 6729000000, "grossProfitRatio": 0.7322886059, "researchAndDevelopmentExpenses": 0, "generalAndAdministrativeExpenses": 0, "sellingAndMarketingExpenses": 0, "sellingGeneralAndAdministrativeExpenses": 5450000000, "otherExpenses": 196000000, "operatingExpenses": 5646000000, "costAndExpenses": 8106000000, "interestIncome": 0, "interestExpense": 0, "depreciationAndAmortization": 196000000, "ebitda": 1022000000, "ebitdaratio": 0.1112199369, "operatingIncome": 1083000000, "operatingIncomeRatio": 0.1178583088, "totalOtherIncomeExpensesNet": 257000000, "incomeBeforeTax": 1277000000, "incomeBeforeTaxRatio": 0.1389705082, "incomeTaxExpense": 530000000, "netIncome": 747000000, "netIncomeRatio": 0.0812928501, "eps": 0.36, "epsdiluted": 0.36, "weightedAverageShsOut": 2075000000, "weightedAverageShsOutDil": 2075000000, "link": "", "finalLink": "", "calculatedOtherExpenses": 196000000, "calculatedOperatingExpenses": 5646000000, "calculatedNetInterest": 0, "calculatedOtherIncome": 194000000, "calculatedIncomeNonControlling": 0, "calculatedEbitda": 1279000000}, {"date": "1988-12-31", "symbol": "BMY", "reportedCurrency": "USD", "cik": "0000014272", "fillingDate": "1988-12-31", "acceptedDate": "1988-12-30 19:00:00", "calendarYear": "1988", "period": "FY", "revenue": 8558000000, "costOfRevenue": 2299000000, "grossProfit": 6259000000, "grossProfitRatio": 0.7313624679, "researchAndDevelopmentExpenses": 0, "generalAndAdministrativeExpenses": 0, "sellingAndMarketingExpenses": 0, "sellingGeneralAndAdministrativeExpenses": 4304000000, "otherExpenses": 185000000, "operatingExpenses": 4489000000, "costAndExpenses": 6788000000, "interestIncome": 0, "interestExpense": 0, "depreciationAndAmortization": 185000000, "ebitda": 1763000000, "ebitdaratio": 0.2060060762, "operatingIncome": 1770000000, "operatingIncomeRatio": 0.2068240243, "totalOtherIncomeExpensesNet": 192000000, "incomeBeforeTax": 1889000000, "incomeBeforeTaxRatio": 0.2207291423, "incomeTaxExpense": 635000000, "netIncome": 1254000000, "netIncomeRatio": 0.146529563, "eps": 0.6, "epsdiluted": 0.6, "weightedAverageShsOut": 2090000000, "weightedAverageShsOutDil": 2090000000, "link": "", "finalLink": "", "calculatedOtherExpenses": 185000000, "calculatedOperatingExpenses": 4489000000, "calculatedNetInterest": 0, "calculatedOtherIncome": 119000000, "calculatedIncomeNonControlling": 0, "calculatedEbitda": 1955000000}, {"date": "1987-12-31", "symbol": "BMY", "reportedCurrency": "USD", "cik": "0000014272", "fillingDate": "1987-12-31", "acceptedDate": "1987-12-30 19:00:00", "calendarYear": "1987", "period": "FY", "revenue": 7558000000, "costOfRevenue": 2141000000, "grossProfit": 5417000000, "grossProfitRatio": 0.7167240011, "researchAndDevelopmentExpenses": 0, "generalAndAdministrativeExpenses": 0, "sellingAndMarketingExpenses": 0, "sellingGeneralAndAdministrativeExpenses": 3789000000, "otherExpenses": 161000000, "operatingExpenses": 3950000000, "costAndExpenses": 6091000000, "interestIncome": 0, "interestExpense": 0, "depreciationAndAmortization": 161000000, "ebitda": 1415000000, "ebitdaratio": 0.187218841, "operatingIncome": 1467000000, "operatingIncomeRatio": 0.194098968, "totalOtherIncomeExpensesNet": 213000000, "incomeBeforeTax": 1628000000, "incomeBeforeTaxRatio": 0.2154008997, "incomeTaxExpense": 560000000, "netIncome": 1068000000, "netIncomeRatio": 0.1413072241, "eps": 0.5, "epsdiluted": 0.5, "weightedAverageShsOut": 2136000000, "weightedAverageShsOutDil": 2136000000, "link": "", "finalLink": "", "calculatedOtherExpenses": 161000000, "calculatedOperatingExpenses": 3950000000, "calculatedNetInterest": 0, "calculatedOtherIncome": 161000000, "calculatedIncomeNonControlling": 0, "calculatedEbitda": 1628000000}]}