{"originalCurrency": "USD", "convertedCurrency": "USD", "report": [{"date": "2023-12-31", "symbol": "JNJ", "reportedCurrency": "USD", "cik": "0000200406", "fillingDate": "2024-02-16", "acceptedDate": "2024-02-16 16:12:22", "calendarYear": "2023", "period": "FY", "revenue": 85152000000, "costOfRevenue": 26739000000, "grossProfit": 58413000000, "grossProfitRatio": 0.685985062, "researchAndDevelopmentExpenses": 15048000000, "generalAndAdministrativeExpenses": 21012000000, "sellingAndMarketingExpenses": 500000000, "sellingGeneralAndAdministrativeExpenses": 21512000000, "otherExpenses": 1600000000, "operatingExpenses": 36560000000, "costAndExpenses": 63299000000, "interestIncome": 1261000000, "interestExpense": 1247000000, "depreciationAndAmortization": 7486000000, "ebitda": 29339000000, "ebitdaratio": 0.344548572, "operatingIncome": 21853000000, "operatingIncomeRatio": 0.2566351935, "totalOtherIncomeExpensesNet": -6791000000, "incomeBeforeTax": 15062000000, "incomeBeforeTaxRatio": 0.1768836903, "incomeTaxExpense": 1736000000, "netIncome": 35153000000, "netIncomeRatio": 0.412826475, "eps": 14.6, "epsdiluted": 13.72, "weightedAverageShsOut": 2407078000, "weightedAverageShsOutDil": 2560400000, "link": "https://www.sec.gov/Archives/edgar/data/200406/000020040624000013/0000200406-24-000013-index.htm", "finalLink": "https://www.sec.gov/Archives/edgar/data/200406/000020040624000013/jnj-20231231.htm", "calculatedOtherExpenses": 0, "calculatedOperatingExpenses": 36560000000, "calculatedNetInterest": 14000000, "calculatedOtherIncome": -6805000000, "calculatedIncomeNonControlling": -21827000000, "calculatedEbitda": 29339000000}, {"date": "2022-12-31", "symbol": "JNJ", "reportedCurrency": "USD", "cik": "0000200406", "fillingDate": "2023-02-16", "acceptedDate": "2023-02-16 16:01:53", "calendarYear": "2022", "period": "FY", "revenue": 94943000000, "costOfRevenue": 31089000000, "grossProfit": 63854000000, "grossProfitRatio": 0.672550899, "researchAndDevelopmentExpenses": 15386000000, "generalAndAdministrativeExpenses": 22665000000, "sellingAndMarketingExpenses": 2100000000, "sellingGeneralAndAdministrativeExpenses": 24765000000, "otherExpenses": -1871000000, "operatingExpenses": 40151000000, "costAndExpenses": 71240000000, "interestIncome": 490000000, "interestExpense": 276000000, "depreciationAndAmortization": 6970000000, "ebitda": 24024000000, "ebitdaratio": 0.2530360321, "operatingIncome": 23917000000, "operatingIncomeRatio": 0.2519090402, "totalOtherIncomeExpensesNet": -2192000000, "incomeBeforeTax": 21725000000, "incomeBeforeTaxRatio": 0.2288215034, "incomeTaxExpense": 3784000000, "netIncome": 17941000000, "netIncomeRatio": 0.1889660112, "eps": 6.83, "epsdiluted": 6.73, "weightedAverageShsOut": 2625200000, "weightedAverageShsOutDil": 2663900000, "link": "https://www.sec.gov/Archives/edgar/data/200406/000020040623000016/0000200406-23-000016-index.htm", "finalLink": "https://www.sec.gov/Archives/edgar/data/200406/000020040623000016/jnj-20230101.htm", "calculatedOtherExpenses": -214000000, "calculatedOperatingExpenses": 39937000000, "calculatedNetInterest": 214000000, "calculatedOtherIncome": -2406000000, "calculatedIncomeNonControlling": 0, "calculatedEbitda": 30887000000}, {"date": "2021-12-31", "symbol": "JNJ", "reportedCurrency": "USD", "cik": "0000200406", "fillingDate": "2022-02-17", "acceptedDate": "2022-02-17 16:06:50", "calendarYear": "2021", "period": "FY", "revenue": 93775000000, "costOfRevenue": 29855000000, "grossProfit": 63920000000, "grossProfitRatio": 0.6816315649, "researchAndDevelopmentExpenses": 14714000000, "generalAndAdministrativeExpenses": 21959000000, "sellingAndMarketingExpenses": 2700000000, "sellingGeneralAndAdministrativeExpenses": 24659000000, "otherExpenses": -489000000, "operatingExpenses": 39373000000, "costAndExpenses": 69228000000, "interestIncome": 53000000, "interestExpense": 183000000, "depreciationAndAmortization": 7390000000, "ebitda": 25699000000, "ebitdaratio": 0.2740495868, "operatingIncome": 24417000000, "operatingIncomeRatio": 0.2603785657, "totalOtherIncomeExpensesNet": -1641000000, "incomeBeforeTax": 22776000000, "incomeBeforeTaxRatio": 0.2428792322, "incomeTaxExpense": 1898000000, "netIncome": 20878000000, "netIncomeRatio": 0.2226392962, "eps": 7.93, "epsdiluted": 7.81, "weightedAverageShsOut": 2632100000, "weightedAverageShsOutDil": 2674000000, "link": "https://www.sec.gov/Archives/edgar/data/200406/000020040622000022/0000200406-22-000022-index.htm", "finalLink": "https://www.sec.gov/Archives/edgar/data/200406/000020040622000022/jnj-20220102.htm", "calculatedOtherExpenses": 130000000, "calculatedOperatingExpenses": 39503000000, "calculatedNetInterest": -130000000, "calculatedOtherIncome": -1511000000, "calculatedIncomeNonControlling": 0, "calculatedEbitda": 31807000000}, {"date": "2020-12-31", "symbol": "JNJ", "reportedCurrency": "USD", "cik": "0000200406", "fillingDate": "2021-02-22", "acceptedDate": "2021-02-22 16:36:14", "calendarYear": "2020", "period": "FY", "revenue": 82584000000, "costOfRevenue": 28427000000, "grossProfit": 54157000000, "grossProfitRatio": 0.6557807808, "researchAndDevelopmentExpenses": 12159000000, "generalAndAdministrativeExpenses": 19984000000, "sellingAndMarketingExpenses": 2100000000, "sellingGeneralAndAdministrativeExpenses": 22084000000, "otherExpenses": -2899000000, "operatingExpenses": 34243000000, "costAndExpenses": 62670000000, "interestIncome": 111000000, "interestExpense": 201000000, "depreciationAndAmortization": 7231000000, "ebitda": 20342000000, "ebitdaratio": 0.2463188995, "operatingIncome": 19824000000, "operatingIncomeRatio": 0.2400464981, "totalOtherIncomeExpensesNet": -3327000000, "incomeBeforeTax": 16497000000, "incomeBeforeTaxRatio": 0.1997602441, "incomeTaxExpense": 1783000000, "netIncome": 14714000000, "netIncomeRatio": 0.1781701056, "eps": 5.59, "epsdiluted": 5.51, "weightedAverageShsOut": 2632800000, "weightedAverageShsOutDil": 2670700000, "link": "https://www.sec.gov/Archives/edgar/data/200406/000020040621000008/0000200406-21-000008-index.htm", "finalLink": "https://www.sec.gov/Archives/edgar/data/200406/000020040621000008/jnj-20210103.htm", "calculatedOtherExpenses": 90000000, "calculatedOperatingExpenses": 34333000000, "calculatedNetInterest": -90000000, "calculatedOtherIncome": -3237000000, "calculatedIncomeNonControlling": 0, "calculatedEbitda": 27055000000}, {"date": "2019-12-29", "symbol": "JNJ", "reportedCurrency": "USD", "cik": "0000200406", "fillingDate": "2020-02-18", "acceptedDate": "2020-02-18 16:34:21", "calendarYear": "2019", "period": "FY", "revenue": 82059000000, "costOfRevenue": 27556000000, "grossProfit": 54503000000, "grossProfitRatio": 0.6641928369, "researchAndDevelopmentExpenses": 11355000000, "generalAndAdministrativeExpenses": 19978000000, "sellingAndMarketingExpenses": 2200000000, "sellingGeneralAndAdministrativeExpenses": 22178000000, "otherExpenses": -2525000000, "operatingExpenses": 33533000000, "costAndExpenses": 61089000000, "interestIncome": 357000000, "interestExpense": 318000000, "depreciationAndAmortization": 7009000000, "ebitda": 22126000000, "ebitdaratio": 0.2696352624, "operatingIncome": 21009000000, "operatingIncomeRatio": 0.2560231053, "totalOtherIncomeExpensesNet": -3681000000, "incomeBeforeTax": 17328000000, "incomeBeforeTaxRatio": 0.2111651373, "incomeTaxExpense": 2209000000, "netIncome": 15119000000, "netIncomeRatio": 0.1842454819, "eps": 5.72, "epsdiluted": 5.63, "weightedAverageShsOut": 2645100000, "weightedAverageShsOutDil": 2684300000, "link": "https://www.sec.gov/Archives/edgar/data/200406/000020040620000010/0000200406-20-000010-index.htm", "finalLink": "https://www.sec.gov/Archives/edgar/data/200406/000020040620000010/form10-k20191229.htm", "calculatedOtherExpenses": -39000000, "calculatedOperatingExpenses": 33494000000, "calculatedNetInterest": 39000000, "calculatedOtherIncome": -3720000000, "calculatedIncomeNonControlling": 0, "calculatedEbitda": 28018000000}, {"date": "2018-12-30", "symbol": "JNJ", "reportedCurrency": "USD", "cik": "0000200406", "fillingDate": "2019-02-20", "acceptedDate": "2019-02-20 16:40:34", "calendarYear": "2018", "period": "FY", "revenue": 81581000000, "costOfRevenue": 27091000000, "grossProfit": 54490000000, "grossProfitRatio": 0.6679251296, "researchAndDevelopmentExpenses": 10775000000, "generalAndAdministrativeExpenses": 19940000000, "sellingAndMarketingExpenses": 2600000000, "sellingGeneralAndAdministrativeExpenses": 22540000000, "otherExpenses": -1405000000, "operatingExpenses": 33315000000, "costAndExpenses": 60406000000, "interestIncome": 611000000, "interestExpense": 1005000000, "depreciationAndAmortization": 6929000000, "ebitda": 22552000000, "ebitdaratio": 0.2764369155, "operatingIncome": 20781000000, "operatingIncomeRatio": 0.2547284294, "totalOtherIncomeExpensesNet": -2782000000, "incomeBeforeTax": 17999000000, "incomeBeforeTaxRatio": 0.220627352, "incomeTaxExpense": 2702000000, "netIncome": 15297000000, "netIncomeRatio": 0.187506895, "eps": 5.75, "epsdiluted": 5.61, "weightedAverageShsOut": 2662324000, "weightedAverageShsOutDil": 2728700000, "link": "https://www.sec.gov/Archives/edgar/data/200406/000020040619000009/0000200406-19-000009-index.htm", "finalLink": "https://www.sec.gov/Archives/edgar/data/200406/000020040619000009/form10-k20181230.htm", "calculatedOtherExpenses": 394000000, "calculatedOperatingExpenses": 33709000000, "calculatedNetInterest": -394000000, "calculatedOtherIncome": -2388000000, "calculatedIncomeNonControlling": 0, "calculatedEbitda": 27710000000}, {"date": "2017-12-31", "symbol": "JNJ", "reportedCurrency": "USD", "cik": "0000200406", "fillingDate": "2018-02-21", "acceptedDate": "2018-02-21 16:49:20", "calendarYear": "2017", "period": "FY", "revenue": 76450000000, "costOfRevenue": 25354000000, "grossProfit": 51096000000, "grossProfitRatio": 0.6683584042, "researchAndDevelopmentExpenses": 10554000000, "generalAndAdministrativeExpenses": 18920000000, "sellingAndMarketingExpenses": 2500000000, "sellingGeneralAndAdministrativeExpenses": 21420000000, "otherExpenses": -183000000, "operatingExpenses": 31974000000, "costAndExpenses": 57328000000, "interestIncome": 385000000, "interestExpense": 934000000, "depreciationAndAmortization": 5642000000, "ebitda": 19839000000, "ebitdaratio": 0.2595029431, "operatingIncome": 14197000000, "operatingIncomeRatio": 0.1857030739, "totalOtherIncomeExpensesNet": -900000000, "incomeBeforeTax": 17673000000, "incomeBeforeTaxRatio": 0.2311706998, "incomeTaxExpense": 16373000000, "netIncome": 1300000000, "netIncomeRatio": 0.0170045782, "eps": 0.48, "epsdiluted": 0.47, "weightedAverageShsOut": 2682525000, "weightedAverageShsOutDil": 2745300000, "link": "https://www.sec.gov/Archives/edgar/data/200406/000020040618000005/0000200406-18-000005-index.htm", "finalLink": "https://www.sec.gov/Archives/edgar/data/200406/000020040618000005/form10-k20171231.htm", "calculatedOtherExpenses": 4925000000, "calculatedOperatingExpenses": 36899000000, "calculatedNetInterest": -549000000, "calculatedOtherIncome": 4025000000, "calculatedIncomeNonControlling": 0, "calculatedEbitda": 19839000000}, {"date": "2016-12-31", "symbol": "JNJ", "reportedCurrency": "USD", "cik": "0000200406", "fillingDate": "2017-02-27", "acceptedDate": "2017-02-27 16:52:48", "calendarYear": "2016", "period": "FY", "revenue": 71890000000, "costOfRevenue": 21685000000, "grossProfit": 50205000000, "grossProfitRatio": 0.6983586034, "researchAndDevelopmentExpenses": 9095000000, "generalAndAdministrativeExpenses": 17545000000, "sellingAndMarketingExpenses": 2400000000, "sellingGeneralAndAdministrativeExpenses": 19945000000, "otherExpenses": -484000000, "operatingExpenses": 29040000000, "costAndExpenses": 50725000000, "interestIncome": 368000000, "interestExpense": 726000000, "depreciationAndAmortization": 3754000000, "ebitda": 21685000000, "ebitdaratio": 0.3016413966, "operatingIncome": 17931000000, "operatingIncomeRatio": 0.2494227292, "totalOtherIncomeExpensesNet": -1004000000, "incomeBeforeTax": 19803000000, "incomeBeforeTaxRatio": 0.2754625122, "incomeTaxExpense": 3263000000, "netIncome": 16540000000, "netIncomeRatio": 0.2300737237, "eps": 6.08, "epsdiluted": 5.93, "weightedAverageShsOut": 2706511000, "weightedAverageShsOutDil": 2788900000, "link": "https://www.sec.gov/Archives/edgar/data/200406/000020040617000006/0000200406-17-000006-index.htm", "finalLink": "https://www.sec.gov/Archives/edgar/data/200406/000020040617000006/form10-k20170101.htm", "calculatedOtherExpenses": 3234000000, "calculatedOperatingExpenses": 32274000000, "calculatedNetInterest": -358000000, "calculatedOtherIncome": 2230000000, "calculatedIncomeNonControlling": 0, "calculatedEbitda": 21685000000}, {"date": "2015-12-31", "symbol": "JNJ", "reportedCurrency": "USD", "cik": "0000200406", "fillingDate": "2016-02-24", "acceptedDate": "2016-02-24 16:58:53", "calendarYear": "2015", "period": "FY", "revenue": 70074000000, "costOfRevenue": 21536000000, "grossProfit": 48538000000, "grossProfitRatio": 0.6926677512, "researchAndDevelopmentExpenses": 9046000000, "generalAndAdministrativeExpenses": 18703000000, "sellingAndMarketingExpenses": 2500000000, "sellingGeneralAndAdministrativeExpenses": 21203000000, "otherExpenses": 2064000000, "operatingExpenses": 30249000000, "costAndExpenses": 51785000000, "interestIncome": 128000000, "interestExpense": 552000000, "depreciationAndAmortization": 3746000000, "ebitda": 19022000000, "ebitdaratio": 0.2714558895, "operatingIncome": 15276000000, "operatingIncomeRatio": 0.2179981163, "totalOtherIncomeExpensesNet": 1331000000, "incomeBeforeTax": 19196000000, "incomeBeforeTaxRatio": 0.2739389788, "incomeTaxExpense": 3787000000, "netIncome": 15409000000, "netIncomeRatio": 0.2198961098, "eps": 5.57, "epsdiluted": 5.48, "weightedAverageShsOut": 2755162000, "weightedAverageShsOutDil": 2812900000, "link": "https://www.sec.gov/Archives/edgar/data/200406/000020040616000071/0000200406-16-000071-index.htm", "finalLink": "https://www.sec.gov/Archives/edgar/data/200406/000020040616000071/form10-k20160103.htm", "calculatedOtherExpenses": 3013000000, "calculatedOperatingExpenses": 33262000000, "calculatedNetInterest": -424000000, "calculatedOtherIncome": 4344000000, "calculatedIncomeNonControlling": 0, "calculatedEbitda": 19022000000}, {"date": "2014-12-28", "symbol": "JNJ", "reportedCurrency": "USD", "cik": "0000200406", "fillingDate": "2015-02-24", "acceptedDate": "2015-02-23 19:11:03", "calendarYear": "2014", "period": "FY", "revenue": 74331000000, "costOfRevenue": 22746000000, "grossProfit": 51585000000, "grossProfitRatio": 0.6939903943, "researchAndDevelopmentExpenses": 8494000000, "generalAndAdministrativeExpenses": 19354000000, "sellingAndMarketingExpenses": 2600000000, "sellingGeneralAndAdministrativeExpenses": 21954000000, "otherExpenses": 70000000, "operatingExpenses": 30448000000, "costAndExpenses": 53194000000, "interestIncome": 67000000, "interestExpense": 533000000, "depreciationAndAmortization": 3895000000, "ebitda": 21315000000, "ebitdaratio": 0.2867578803, "operatingIncome": 17420000000, "operatingIncomeRatio": 0.2343571323, "totalOtherIncomeExpensesNet": -108000000, "incomeBeforeTax": 20563000000, "incomeBeforeTaxRatio": 0.2766409708, "incomeTaxExpense": 4240000000, "netIncome": 16323000000, "netIncomeRatio": 0.2195988215, "eps": 5.86, "epsdiluted": 5.7, "weightedAverageShsOut": 2783223000, "weightedAverageShsOutDil": 2863900000, "link": "https://www.sec.gov/Archives/edgar/data/200406/000020040615000004/0000200406-15-000004-index.htm", "finalLink": "https://www.sec.gov/Archives/edgar/data/200406/000020040615000004/a2014122810-k.htm", "calculatedOtherExpenses": 3717000000, "calculatedOperatingExpenses": 34165000000, "calculatedNetInterest": -466000000, "calculatedOtherIncome": 3609000000, "calculatedIncomeNonControlling": 0, "calculatedEbitda": 21315000000}, {"date": "2013-12-29", "symbol": "JNJ", "reportedCurrency": "USD", "cik": "0000200406", "fillingDate": "2014-02-21", "acceptedDate": "2014-02-21 14:29:51", "calendarYear": "2013", "period": "FY", "revenue": 71312000000, "costOfRevenue": 22342000000, "grossProfit": 48970000000, "grossProfitRatio": 0.6867006955, "researchAndDevelopmentExpenses": 8183000000, "generalAndAdministrativeExpenses": 19330000000, "sellingAndMarketingExpenses": 2500000000, "sellingGeneralAndAdministrativeExpenses": 21830000000, "otherExpenses": -2498000000, "operatingExpenses": 30013000000, "costAndExpenses": 52355000000, "interestIncome": 74000000, "interestExpense": 482000000, "depreciationAndAmortization": 4104000000, "ebitda": 19537000000, "ebitdaratio": 0.2739651111, "operatingIncome": 15433000000, "operatingIncomeRatio": 0.2164151896, "totalOtherIncomeExpensesNet": -3078000000, "incomeBeforeTax": 15471000000, "incomeBeforeTaxRatio": 0.2169480592, "incomeTaxExpense": 1640000000, "netIncome": 13831000000, "netIncomeRatio": 0.1939505273, "eps": 4.9, "epsdiluted": 4.81, "weightedAverageShsOut": 2820628000, "weightedAverageShsOutDil": 2877000000, "link": "https://www.sec.gov/Archives/edgar/data/200406/000020040614000033/0000200406-14-000033-index.htm", "finalLink": "https://www.sec.gov/Archives/edgar/data/200406/000020040614000033/a2013122910-k.htm", "calculatedOtherExpenses": 3524000000, "calculatedOperatingExpenses": 33537000000, "calculatedNetInterest": -408000000, "calculatedOtherIncome": 446000000, "calculatedIncomeNonControlling": 0, "calculatedEbitda": 19537000000}, {"date": "2012-12-30", "symbol": "JNJ", "reportedCurrency": "USD", "cik": "0000200406", "fillingDate": "2013-02-22", "acceptedDate": "2013-02-21 18:44:12", "calendarYear": "2012", "period": "FY", "revenue": 67224000000, "costOfRevenue": 21658000000, "grossProfit": 45566000000, "grossProfitRatio": 0.6778233964, "researchAndDevelopmentExpenses": 7665000000, "generalAndAdministrativeExpenses": 18569000000, "sellingAndMarketingExpenses": 2300000000, "sellingGeneralAndAdministrativeExpenses": 20869000000, "otherExpenses": -1626000000, "operatingExpenses": 28534000000, "costAndExpenses": 50192000000, "interestIncome": 64000000, "interestExpense": 532000000, "depreciationAndAmortization": 3666000000, "ebitda": 18195000000, "ebitdaratio": 0.2706622635, "operatingIncome": 14529000000, "operatingIncomeRatio": 0.2161281685, "totalOtherIncomeExpensesNet": -2789000000, "incomeBeforeTax": 13775000000, "incomeBeforeTaxRatio": 0.2049119362, "incomeTaxExpense": 3261000000, "netIncome": 10853000000, "netIncomeRatio": 0.1614453171, "eps": 3.91, "epsdiluted": 3.86, "weightedAverageShsOut": 2778489000, "weightedAverageShsOutDil": 2812600000, "link": "https://www.sec.gov/Archives/edgar/data/200406/000020040613000038/0000200406-13-000038-index.htm", "finalLink": "https://www.sec.gov/Archives/edgar/data/200406/000020040613000038/a2012123010-k.htm", "calculatedOtherExpenses": 2503000000, "calculatedOperatingExpenses": 31037000000, "calculatedNetInterest": -468000000, "calculatedOtherIncome": -286000000, "calculatedIncomeNonControlling": -339000000, "calculatedEbitda": 18195000000}, {"date": "2011-12-31", "symbol": "JNJ", "reportedCurrency": "USD", "cik": "0000200406", "fillingDate": "2012-02-23", "acceptedDate": "2012-02-23 17:11:21", "calendarYear": "2011", "period": "FY", "revenue": 65030000000, "costOfRevenue": 20360000000, "grossProfit": 44670000000, "grossProfitRatio": 0.6869137321, "researchAndDevelopmentExpenses": 7548000000, "generalAndAdministrativeExpenses": 0, "sellingAndMarketingExpenses": 0, "sellingGeneralAndAdministrativeExpenses": 20969000000, "otherExpenses": 0, "operatingExpenses": 28517000000, "costAndExpenses": 48877000000, "interestIncome": 91000000, "interestExpense": 571000000, "depreciationAndAmortization": 3158000000, "ebitda": 19465000000, "ebitdaratio": 0.2993233892, "operatingIncome": 16307000000, "operatingIncomeRatio": 0.2507611871, "totalOtherIncomeExpensesNet": -3312000000, "incomeBeforeTax": 12361000000, "incomeBeforeTaxRatio": 0.1900815008, "incomeTaxExpense": 2689000000, "netIncome": 9672000000, "netIncomeRatio": 0.1487313548, "eps": 3.54, "epsdiluted": 3.49, "weightedAverageShsOut": 2724363000, "weightedAverageShsOutDil": 2775300000, "link": "https://www.sec.gov/Archives/edgar/data/200406/000119312512075565/0001193125-12-075565-index.htm", "finalLink": "https://www.sec.gov/Archives/edgar/data/200406/000119312512075565/d281803d10k.htm", "calculatedOtherExpenses": -154000000, "calculatedOperatingExpenses": 28363000000, "calculatedNetInterest": -480000000, "calculatedOtherIncome": -3466000000, "calculatedIncomeNonControlling": 0, "calculatedEbitda": 19465000000}, {"date": "2010-12-31", "symbol": "JNJ", "reportedCurrency": "USD", "cik": "0000200406", "fillingDate": "2011-02-25", "acceptedDate": "2011-02-24 21:48:40", "calendarYear": "2010", "period": "FY", "revenue": 61587000000, "costOfRevenue": 18792000000, "grossProfit": 42795000000, "grossProfitRatio": 0.6948706708, "researchAndDevelopmentExpenses": 6844000000, "generalAndAdministrativeExpenses": 0, "sellingAndMarketingExpenses": 0, "sellingGeneralAndAdministrativeExpenses": 19424000000, "otherExpenses": 0, "operatingExpenses": 26268000000, "costAndExpenses": 45060000000, "interestIncome": 107000000, "interestExpense": 348000000, "depreciationAndAmortization": 2939000000, "ebitda": 16527000000, "ebitdaratio": 0.2683520873, "operatingIncome": 13588000000, "operatingIncomeRatio": 0.2206309773, "totalOtherIncomeExpensesNet": 768000000, "incomeBeforeTax": 16947000000, "incomeBeforeTaxRatio": 0.2751717083, "incomeTaxExpense": 3613000000, "netIncome": 13334000000, "netIncomeRatio": 0.2165067303, "eps": 4.86, "epsdiluted": 4.78, "weightedAverageShsOut": 2738097000, "weightedAverageShsOutDil": 2788800000, "link": "https://www.sec.gov/Archives/edgar/data/200406/000095012311018128/0000950123-11-018128-index.htm", "finalLink": "https://www.sec.gov/Archives/edgar/data/200406/000095012311018128/y86310ke10vk.htm", "calculatedOtherExpenses": 2939000000, "calculatedOperatingExpenses": 29207000000, "calculatedNetInterest": -241000000, "calculatedOtherIncome": 3600000000, "calculatedIncomeNonControlling": 0, "calculatedEbitda": 16527000000}, {"date": "2009-12-31", "symbol": "JNJ", "reportedCurrency": "USD", "cik": "0000200406", "fillingDate": "2010-03-01", "acceptedDate": "2010-03-01 16:50:02", "calendarYear": "2009", "period": "FY", "revenue": 61897000000, "costOfRevenue": 18447000000, "grossProfit": 43450000000, "grossProfitRatio": 0.701972632, "researchAndDevelopmentExpenses": 7167000000, "generalAndAdministrativeExpenses": 0, "sellingAndMarketingExpenses": 0, "sellingGeneralAndAdministrativeExpenses": 19801000000, "otherExpenses": 0, "operatingExpenses": 26968000000, "costAndExpenses": 45415000000, "interestIncome": 90000000, "interestExpense": 451000000, "depreciationAndAmortization": 2774000000, "ebitda": 17029000000, "ebitdaratio": 0.2751183418, "operatingIncome": 14255000000, "operatingIncomeRatio": 0.2303019532, "totalOtherIncomeExpensesNet": -547000000, "incomeBeforeTax": 15755000000, "incomeBeforeTaxRatio": 0.254535761, "incomeTaxExpense": 3489000000, "netIncome": 12266000000, "netIncomeRatio": 0.1981679241, "eps": 4.45, "epsdiluted": 4.4, "weightedAverageShsOut": 2760000000, "weightedAverageShsOutDil": 2789100000, "link": "https://www.sec.gov/Archives/edgar/data/200406/000095012310019392/0000950123-10-019392-index.htm", "finalLink": "https://www.sec.gov/Archives/edgar/data/200406/000095012310019392/y80744e10vk.htm", "calculatedOtherExpenses": 2227000000, "calculatedOperatingExpenses": 29195000000, "calculatedNetInterest": -361000000, "calculatedOtherIncome": 1861000000, "calculatedIncomeNonControlling": 0, "calculatedEbitda": 17029000000}, {"date": "2008-12-28", "symbol": "JNJ", "reportedCurrency": "USD", "cik": "0000200406", "fillingDate": "2009-02-20", "acceptedDate": "2009-02-20 16:18:45", "calendarYear": "2008", "period": "FY", "revenue": 63747000000, "costOfRevenue": 18511000000, "grossProfit": 45236000000, "grossProfitRatio": 0.7096177075, "researchAndDevelopmentExpenses": 7758000000, "generalAndAdministrativeExpenses": 0, "sellingAndMarketingExpenses": 0, "sellingGeneralAndAdministrativeExpenses": 21490000000, "otherExpenses": 0, "operatingExpenses": 29248000000, "costAndExpenses": 47759000000, "interestIncome": 361000000, "interestExpense": 435000000, "depreciationAndAmortization": 2832000000, "ebitda": 17748000000, "ebitdaratio": 0.2784131018, "operatingIncome": 14916000000, "operatingIncomeRatio": 0.2339874818, "totalOtherIncomeExpensesNet": -1760000000, "incomeBeforeTax": 16929000000, "incomeBeforeTaxRatio": 0.2655654384, "incomeTaxExpense": 3980000000, "netIncome": 12949000000, "netIncomeRatio": 0.2031311277, "eps": 4.67, "epsdiluted": 4.57, "weightedAverageShsOut": 2811900000, "weightedAverageShsOutDil": 2835600000, "link": "https://www.sec.gov/Archives/edgar/data/200406/000095012309003187/0000950123-09-003187-index.htm", "finalLink": "https://www.sec.gov/Archives/edgar/data/200406/000095012309003187/y74152e10vk.htm", "calculatedOtherExpenses": 1072000000, "calculatedOperatingExpenses": 30320000000, "calculatedNetInterest": -74000000, "calculatedOtherIncome": 2087000000, "calculatedIncomeNonControlling": 0, "calculatedEbitda": 17748000000}, {"date": "2007-12-30", "symbol": "JNJ", "reportedCurrency": "USD", "cik": "0000200406", "fillingDate": "2008-02-26", "acceptedDate": "2008-02-26 16:39:42", "calendarYear": "2007", "period": "FY", "revenue": 61095000000, "costOfRevenue": 17751000000, "grossProfit": 43344000000, "grossProfitRatio": 0.709452492, "researchAndDevelopmentExpenses": 7680000000, "generalAndAdministrativeExpenses": 0, "sellingAndMarketingExpenses": 0, "sellingGeneralAndAdministrativeExpenses": 20451000000, "otherExpenses": 0, "operatingExpenses": 28131000000, "costAndExpenses": 45882000000, "interestIncome": 0, "interestExpense": 0, "depreciationAndAmortization": 2777000000, "ebitda": 20076000000, "ebitdaratio": 0.3286029953, "operatingIncome": 17299000000, "operatingIncomeRatio": 0.2831491939, "totalOtherIncomeExpensesNet": -2086000000, "incomeBeforeTax": 13283000000, "incomeBeforeTaxRatio": 0.2174155005, "incomeTaxExpense": 2707000000, "netIncome": 10576000000, "netIncomeRatio": 0.1731074556, "eps": 3.67, "epsdiluted": 3.63, "weightedAverageShsOut": 2882900000, "weightedAverageShsOutDil": 2910700000, "link": "https://www.sec.gov/Archives/edgar/data/200406/000095012308002130/0000950123-08-002130-index.htm", "finalLink": "https://www.sec.gov/Archives/edgar/data/200406/000095012308002130/y47910e10vk.htm", "calculatedOtherExpenses": -2086000000, "calculatedOperatingExpenses": 26045000000, "calculatedNetInterest": 0, "calculatedOtherIncome": -4016000000, "calculatedIncomeNonControlling": 0, "calculatedEbitda": 20076000000}, {"date": "2006-12-31", "symbol": "JNJ", "reportedCurrency": "USD", "cik": "0000200406", "fillingDate": "2007-02-21", "acceptedDate": "2007-02-21 17:22:31", "calendarYear": "2006", "period": "FY", "revenue": 53324000000, "costOfRevenue": 15057000000, "grossProfit": 38267000000, "grossProfitRatio": 0.7176318356, "researchAndDevelopmentExpenses": 7125000000, "generalAndAdministrativeExpenses": 0, "sellingAndMarketingExpenses": 0, "sellingGeneralAndAdministrativeExpenses": 17433000000, "otherExpenses": 0, "operatingExpenses": 24558000000, "costAndExpenses": 39615000000, "interestIncome": 0, "interestExpense": 0, "depreciationAndAmortization": 2177000000, "ebitda": 15774000000, "ebitdaratio": 0.2958142675, "operatingIncome": 13597000000, "operatingIncomeRatio": 0.254988373, "totalOtherIncomeExpensesNet": 112000000, "incomeBeforeTax": 14587000000, "incomeBeforeTaxRatio": 0.273554122, "incomeTaxExpense": 3534000000, "netIncome": 11053000000, "netIncomeRatio": 0.207280024, "eps": 3.76, "epsdiluted": 3.73, "weightedAverageShsOut": 2939627660, "weightedAverageShsOutDil": 2963270777, "link": "https://www.sec.gov/Archives/edgar/data/200406/000095012307002542/0000950123-07-002542-index.htm", "finalLink": "https://www.sec.gov/Archives/edgar/data/200406/000095012307002542/y29901e10vk.htm", "calculatedOtherExpenses": 112000000, "calculatedOperatingExpenses": 24670000000, "calculatedNetInterest": 0, "calculatedOtherIncome": 990000000, "calculatedIncomeNonControlling": 0, "calculatedEbitda": 15774000000}, {"date": "2005-12-31", "symbol": "JNJ", "reportedCurrency": "USD", "cik": "0000200406", "fillingDate": "2006-03-14", "acceptedDate": "2006-03-14 16:15:17", "calendarYear": "2005", "period": "FY", "revenue": 50514000000, "costOfRevenue": 13954000000, "grossProfit": 36560000000, "grossProfitRatio": 0.7237597498, "researchAndDevelopmentExpenses": 6312000000, "generalAndAdministrativeExpenses": 0, "sellingAndMarketingExpenses": 0, "sellingGeneralAndAdministrativeExpenses": 16877000000, "otherExpenses": 0, "operatingExpenses": 23189000000, "costAndExpenses": 37143000000, "interestIncome": 0, "interestExpense": 0, "depreciationAndAmortization": 2093000000, "ebitda": 15612000000, "ebitdaratio": 0.3090628341, "operatingIncome": 13519000000, "operatingIncomeRatio": 0.2676287762, "totalOtherIncomeExpensesNet": -148000000, "incomeBeforeTax": 13656000000, "incomeBeforeTaxRatio": 0.2703408956, "incomeTaxExpense": 3245000000, "netIncome": 10411000000, "netIncomeRatio": 0.2061012789, "eps": 3.38, "epsdiluted": 3.35, "weightedAverageShsOut": 2976331361, "weightedAverageShsOutDil": 3002985075, "link": "https://www.sec.gov/Archives/edgar/data/200406/000095012306003129/0000950123-06-003129-index.htm", "finalLink": "https://www.sec.gov/Archives/edgar/data/200406/000095012306003129/y17887e10vk.htm", "calculatedOtherExpenses": -148000000, "calculatedOperatingExpenses": 23041000000, "calculatedNetInterest": 0, "calculatedOtherIncome": 137000000, "calculatedIncomeNonControlling": 0, "calculatedEbitda": 15612000000}, {"date": "2004-12-31", "symbol": "JNJ", "reportedCurrency": "USD", "cik": "0000200406", "fillingDate": "2005-03-15", "acceptedDate": "2005-03-15 16:26:48", "calendarYear": "2004", "period": "FY", "revenue": 47348000000, "costOfRevenue": 13422000000, "grossProfit": 33926000000, "grossProfitRatio": 0.7165244572, "researchAndDevelopmentExpenses": 5203000000, "generalAndAdministrativeExpenses": 0, "sellingAndMarketingExpenses": 0, "sellingGeneralAndAdministrativeExpenses": 15860000000, "otherExpenses": 0, "operatingExpenses": 21063000000, "costAndExpenses": 34485000000, "interestIncome": 0, "interestExpense": 0, "depreciationAndAmortization": 2124000000, "ebitda": 15020000000, "ebitdaratio": 0.3172256484, "operatingIncome": 12896000000, "operatingIncomeRatio": 0.272366309, "totalOtherIncomeExpensesNet": -33000000, "incomeBeforeTax": 12838000000, "incomeBeforeTaxRatio": 0.2711413365, "incomeTaxExpense": 4329000000, "netIncome": 8509000000, "netIncomeRatio": 0.1797119203, "eps": 2.75, "epsdiluted": 2.74, "weightedAverageShsOut": 2968100000, "weightedAverageShsOutDil": 2985401460, "link": "https://www.sec.gov/Archives/edgar/data/200406/000095012305003140/0000950123-05-003140-index.htm", "finalLink": "https://www.sec.gov/Archives/edgar/data/200406/000095012305003140/y06203e10vk.txt", "calculatedOtherExpenses": -33000000, "calculatedOperatingExpenses": 21030000000, "calculatedNetInterest": 0, "calculatedOtherIncome": -58000000, "calculatedIncomeNonControlling": 0, "calculatedEbitda": 15020000000}, {"date": "2003-12-28", "symbol": "JNJ", "reportedCurrency": "USD", "cik": "0000200406", "fillingDate": "2004-03-11", "acceptedDate": "2004-03-11 08:55:39", "calendarYear": "2003", "period": "FY", "revenue": 41862000000, "costOfRevenue": 12176000000, "grossProfit": 29686000000, "grossProfitRatio": 0.7091395538, "researchAndDevelopmentExpenses": 4684000000, "generalAndAdministrativeExpenses": 0, "sellingAndMarketingExpenses": 0, "sellingGeneralAndAdministrativeExpenses": 14131000000, "otherExpenses": 0, "operatingExpenses": 18815000000, "costAndExpenses": 30991000000, "interestIncome": 0, "interestExpense": 0, "depreciationAndAmortization": 1869000000, "ebitda": 13273000000, "ebitdaratio": 0.3170655965, "operatingIncome": 11404000000, "operatingIncomeRatio": 0.2724189002, "totalOtherIncomeExpensesNet": -533000000, "incomeBeforeTax": 10308000000, "incomeBeforeTaxRatio": 0.246237638, "incomeTaxExpense": 3111000000, "netIncome": 7197000000, "netIncomeRatio": 0.1719220295, "eps": 2.42, "epsdiluted": 2.29, "weightedAverageShsOut": 2968000000, "weightedAverageShsOutDil": 3142794760, "link": "https://www.sec.gov/Archives/edgar/data/200406/000095012304003155/0000950123-04-003155-index.htm", "finalLink": "https://www.sec.gov/Archives/edgar/data/200406/000095012304003155/y94471e10vk.txt", "calculatedOtherExpenses": -533000000, "calculatedOperatingExpenses": 18282000000, "calculatedNetInterest": 0, "calculatedOtherIncome": -1096000000, "calculatedIncomeNonControlling": 0, "calculatedEbitda": 13273000000}, {"date": "2002-12-29", "symbol": "JNJ", "reportedCurrency": "USD", "cik": "0000200406", "fillingDate": "2003-03-18", "acceptedDate": "2003-03-18 16:06:24", "calendarYear": "2002", "period": "FY", "revenue": 36298000000, "costOfRevenue": 10447000000, "grossProfit": 25851000000, "grossProfitRatio": 0.7121879993, "researchAndDevelopmentExpenses": 3957000000, "generalAndAdministrativeExpenses": 0, "sellingAndMarketingExpenses": 0, "sellingGeneralAndAdministrativeExpenses": 12216000000, "otherExpenses": 0, "operatingExpenses": 16173000000, "costAndExpenses": 26620000000, "interestIncome": 0, "interestExpense": 0, "depreciationAndAmortization": 1662000000, "ebitda": 11823000000, "ebitdaratio": 0.3257204254, "operatingIncome": 10161000000, "operatingIncomeRatio": 0.2799327787, "totalOtherIncomeExpensesNet": -483000000, "incomeBeforeTax": 9291000000, "incomeBeforeTaxRatio": 0.255964516, "incomeTaxExpense": 2694000000, "netIncome": 6597000000, "netIncomeRatio": 0.1817455507, "eps": 2.2, "epsdiluted": 2.16, "weightedAverageShsOut": 2998636364, "weightedAverageShsOutDil": 3054166667, "link": "https://www.sec.gov/Archives/edgar/data/200406/000095012303002936/0000950123-03-002936-index.htm", "finalLink": "https://www.sec.gov/Archives/edgar/data/200406/000095012303002936/y83983e10vk.txt", "calculatedOtherExpenses": -483000000, "calculatedOperatingExpenses": 15690000000, "calculatedNetInterest": 0, "calculatedOtherIncome": -870000000, "calculatedIncomeNonControlling": 0, "calculatedEbitda": 11823000000}, {"date": "2001-12-30", "symbol": "JNJ", "reportedCurrency": "USD", "cik": "0000200406", "fillingDate": "2002-03-20", "acceptedDate": "2002-03-20 00:00:00", "calendarYear": "2001", "period": "FY", "revenue": 33004000000, "costOfRevenue": 9536000000, "grossProfit": 23468000000, "grossProfitRatio": 0.7110653254, "researchAndDevelopmentExpenses": 3591000000, "generalAndAdministrativeExpenses": 0, "sellingAndMarketingExpenses": 0, "sellingGeneralAndAdministrativeExpenses": 11992000000, "otherExpenses": 0, "operatingExpenses": 15583000000, "costAndExpenses": 25119000000, "interestIncome": 0, "interestExpense": 0, "depreciationAndAmortization": 1605000000, "ebitda": 9780000000, "ebitdaratio": 0.2963277179, "operatingIncome": 8175000000, "operatingIncomeRatio": 0.2476972488, "totalOtherIncomeExpensesNet": -290000000, "incomeBeforeTax": 7898000000, "incomeBeforeTaxRatio": 0.2393043267, "incomeTaxExpense": 2230000000, "netIncome": 5668000000, "netIncomeRatio": 0.1717367592, "eps": 1.87, "epsdiluted": 1.84, "weightedAverageShsOut": 3031016043, "weightedAverageShsOutDil": 3080434783, "link": "https://www.sec.gov/Archives/edgar/data/200406/000095012302002712/0000950123-02-002712-index.htm", "finalLink": "https://www.sec.gov/Archives/edgar/data/200406/000095012302002712/y58008e10-k.txt", "calculatedOtherExpenses": -290000000, "calculatedOperatingExpenses": 15293000000, "calculatedNetInterest": 0, "calculatedOtherIncome": -277000000, "calculatedIncomeNonControlling": 0, "calculatedEbitda": 9780000000}, {"date": "2000-12-31", "symbol": "JNJ", "reportedCurrency": "USD", "cik": "0000200406", "fillingDate": "2001-03-30", "acceptedDate": "2001-03-30 00:00:00", "calendarYear": "2000", "period": "FY", "revenue": 29139000000, "costOfRevenue": 7346000000, "grossProfit": 21793000000, "grossProfitRatio": 0.7478980061, "researchAndDevelopmentExpenses": 2926000000, "generalAndAdministrativeExpenses": 0, "sellingAndMarketingExpenses": 0, "sellingGeneralAndAdministrativeExpenses": 10875000000, "otherExpenses": 0, "operatingExpenses": 15316000000, "costAndExpenses": 22662000000, "interestIncome": 0, "interestExpense": 0, "depreciationAndAmortization": 1515000000, "ebitda": 8080000000, "ebitdaratio": 0.2772916023, "operatingIncome": 6565000000, "operatingIncomeRatio": 0.2252994269, "totalOtherIncomeExpensesNet": -88000000, "incomeBeforeTax": 6622000000, "incomeBeforeTaxRatio": 0.2272555681, "incomeTaxExpense": 1822000000, "netIncome": 4800000000, "netIncomeRatio": 0.1647276845, "eps": 1.65, "epsdiluted": 1.61, "weightedAverageShsOut": 2993500000, "weightedAverageShsOutDil": 3099200000, "link": "https://www.sec.gov/Archives/edgar/data/200406/000095012301002941/0000950123-01-002941-index.htm", "finalLink": "https://www.sec.gov/Archives/edgar/data/200406/000095012301002941/y46182e10-k405.txt", "calculatedOtherExpenses": 1427000000, "calculatedOperatingExpenses": 15228000000, "calculatedNetInterest": 0, "calculatedOtherIncome": 57000000, "calculatedIncomeNonControlling": 0, "calculatedEbitda": 8080000000}, {"date": "1999-12-31", "symbol": "JNJ", "reportedCurrency": "USD", "cik": "0000200406", "fillingDate": "2000-03-31", "acceptedDate": "2000-03-31 00:00:00", "calendarYear": "1999", "period": "FY", "revenue": 27471000000, "costOfRevenue": 6998000000, "grossProfit": 20473000000, "grossProfitRatio": 0.7452586364, "researchAndDevelopmentExpenses": 2600000000, "generalAndAdministrativeExpenses": 0, "sellingAndMarketingExpenses": 0, "sellingGeneralAndAdministrativeExpenses": 10503000000, "otherExpenses": 0, "operatingExpenses": 14547000000, "costAndExpenses": 21545000000, "interestIncome": 0, "interestExpense": 0, "depreciationAndAmortization": 1444000000, "ebitda": 7592000000, "ebitdaratio": 0.2763641658, "operatingIncome": 6148000000, "operatingIncomeRatio": 0.2237996433, "totalOtherIncomeExpensesNet": -222000000, "incomeBeforeTax": 5753000000, "incomeBeforeTaxRatio": 0.2094208438, "incomeTaxExpense": 1586000000, "netIncome": 4167000000, "netIncomeRatio": 0.1516872338, "eps": 1.43, "epsdiluted": 1.39, "weightedAverageShsOut": 2988111888, "weightedAverageShsOutDil": 3074100719, "link": "https://www.sec.gov/Archives/edgar/data/200406/000095012300003132/0000950123-00-003132-index.htm", "finalLink": "https://www.sec.gov/Archives/edgar/data/200406/000095012300003132/", "calculatedOtherExpenses": 1222000000, "calculatedOperatingExpenses": 14325000000, "calculatedNetInterest": 0, "calculatedOtherIncome": -395000000, "calculatedIncomeNonControlling": 0, "calculatedEbitda": 7592000000}, {"date": "1998-12-31", "symbol": "JNJ", "reportedCurrency": "USD", "cik": "0000200406", "fillingDate": "1999-04-01", "acceptedDate": "1999-04-01 00:00:00", "calendarYear": "1998", "period": "FY", "revenue": 23657000000, "costOfRevenue": 6190000000, "grossProfit": 17467000000, "grossProfitRatio": 0.7383438306, "researchAndDevelopmentExpenses": 2269000000, "generalAndAdministrativeExpenses": 0, "sellingAndMarketingExpenses": 0, "sellingGeneralAndAdministrativeExpenses": 8907000000, "otherExpenses": 0, "operatingExpenses": 12422000000, "costAndExpenses": 18612000000, "interestIncome": 0, "interestExpense": 0, "depreciationAndAmortization": 1246000000, "ebitda": 6957000000, "ebitdaratio": 0.2940778628, "operatingIncome": 5711000000, "operatingIncomeRatio": 0.2414084626, "totalOtherIncomeExpensesNet": -666000000, "incomeBeforeTax": 4269000000, "incomeBeforeTaxRatio": 0.1804539882, "incomeTaxExpense": 1210000000, "netIncome": 3059000000, "netIncomeRatio": 0.1293063364, "eps": 1.08, "epsdiluted": 1.06, "weightedAverageShsOut": 2780555556, "weightedAverageShsOutDil": 2833018868, "link": "https://www.sec.gov/Archives/edgar/data/200406/000095012399002942/0000950123-99-002942-index.htm", "finalLink": "https://www.sec.gov/Archives/edgar/data/200406/0000950123-99-002942.txt", "calculatedOtherExpenses": 580000000, "calculatedOperatingExpenses": 11756000000, "calculatedNetInterest": 0, "calculatedOtherIncome": -1442000000, "calculatedIncomeNonControlling": 0, "calculatedEbitda": 6957000000}, {"date": "1997-12-28", "symbol": "JNJ", "reportedCurrency": "USD", "cik": "0000200406", "fillingDate": "1998-03-27", "acceptedDate": "1998-03-27 00:00:00", "calendarYear": "1997", "period": "FY", "revenue": 22629000000, "costOfRevenue": 6085000000, "grossProfit": 16544000000, "grossProfitRatio": 0.7310972646, "researchAndDevelopmentExpenses": 2140000000, "generalAndAdministrativeExpenses": 0, "sellingAndMarketingExpenses": 0, "sellingGeneralAndAdministrativeExpenses": 8715000000, "otherExpenses": 0, "operatingExpenses": 11922000000, "costAndExpenses": 18007000000, "interestIncome": 0, "interestExpense": 0, "depreciationAndAmortization": 1067000000, "ebitda": 5615000000, "ebitdaratio": 0.2481329268, "operatingIncome": 4548000000, "operatingIncomeRatio": 0.200981042, "totalOtherIncomeExpensesNet": 74000000, "incomeBeforeTax": 4576000000, "incomeBeforeTaxRatio": 0.2022183923, "incomeTaxExpense": 1273000000, "netIncome": 3303000000, "netIncomeRatio": 0.1459631446, "eps": 1.24, "epsdiluted": 1.21, "weightedAverageShsOut": 2674493927, "weightedAverageShsOutDil": 2741078838, "link": "https://www.sec.gov/Archives/edgar/data/200406/000095012398003008/0000950123-98-003008-index.html", "finalLink": "https://www.sec.gov/Archives/edgar/data/200406/", "calculatedOtherExpenses": 1141000000, "calculatedOperatingExpenses": 11996000000, "calculatedNetInterest": 0, "calculatedOtherIncome": 28000000, "calculatedIncomeNonControlling": 0, "calculatedEbitda": 5615000000}, {"date": "1996-12-31", "symbol": "JNJ", "reportedCurrency": "USD", "cik": "0000200406", "fillingDate": "1997-03-31", "acceptedDate": "1997-03-31 00:00:00", "calendarYear": "1996", "period": "FY", "revenue": 21620000000, "costOfRevenue": 6009000000, "grossProfit": 15611000000, "grossProfitRatio": 0.7220629047, "researchAndDevelopmentExpenses": 0, "generalAndAdministrativeExpenses": 0, "sellingAndMarketingExpenses": 0, "sellingGeneralAndAdministrativeExpenses": 10299000000, "otherExpenses": 0, "operatingExpenses": 11308000000, "costAndExpenses": 17317000000, "interestIncome": 0, "interestExpense": 0, "depreciationAndAmortization": 1009000000, "ebitda": 5457000000, "ebitdaratio": 0.2524051804, "operatingIncome": 4448000000, "operatingIncomeRatio": 0.2057354302, "totalOtherIncomeExpensesNet": -145000000, "incomeBeforeTax": 4033000000, "incomeBeforeTaxRatio": 0.1865402405, "incomeTaxExpense": 1146000000, "netIncome": 2887000000, "netIncomeRatio": 0.133533765, "eps": 1.09, "epsdiluted": 1.09, "weightedAverageShsOut": 2660829493, "weightedAverageShsOutDil": 2726315789, "link": "https://www.sec.gov/Archives/edgar/data/200406/000095012397002843/0000950123-97-002843-index.html", "finalLink": "https://www.sec.gov/Archives/edgar/data/200406/", "calculatedOtherExpenses": 864000000, "calculatedOperatingExpenses": 11163000000, "calculatedNetInterest": 0, "calculatedOtherIncome": -415000000, "calculatedIncomeNonControlling": 0, "calculatedEbitda": 5457000000}, {"date": "1995-12-31", "symbol": "JNJ", "reportedCurrency": "USD", "cik": "0000200406", "fillingDate": "1996-04-01", "acceptedDate": "1996-04-01 00:00:00", "calendarYear": "1995", "period": "FY", "revenue": 18842000000, "costOfRevenue": 5378000000, "grossProfit": 13464000000, "grossProfitRatio": 0.7145738244, "researchAndDevelopmentExpenses": 0, "generalAndAdministrativeExpenses": 0, "sellingAndMarketingExpenses": 0, "sellingGeneralAndAdministrativeExpenses": 9096000000, "otherExpenses": 0, "operatingExpenses": 9953000000, "costAndExpenses": 15331000000, "interestIncome": 0, "interestExpense": 0, "depreciationAndAmortization": 857000000, "ebitda": 4419000000, "ebitdaratio": 0.2345292432, "operatingIncome": 3562000000, "operatingIncomeRatio": 0.1890457489, "totalOtherIncomeExpensesNet": -51000000, "incomeBeforeTax": 3317000000, "incomeBeforeTaxRatio": 0.1760428829, "incomeTaxExpense": 914000000, "netIncome": 2403000000, "netIncomeRatio": 0.127534232, "eps": 0.93, "epsdiluted": 0.93, "weightedAverageShsOut": 2583870968, "weightedAverageShsOutDil": 2584000000, "link": "https://www.sec.gov/Archives/edgar/data/200406/000095012396001496/0000950123-96-001496-index.html", "finalLink": "https://www.sec.gov/Archives/edgar/data/200406/", "calculatedOtherExpenses": 806000000, "calculatedOperatingExpenses": 9902000000, "calculatedNetInterest": 0, "calculatedOtherIncome": -245000000, "calculatedIncomeNonControlling": 0, "calculatedEbitda": 4419000000}, {"date": "1994-12-31", "symbol": "JNJ", "reportedCurrency": "USD", "cik": "0000200406", "fillingDate": "1995-04-03", "acceptedDate": "1995-04-03 00:00:00", "calendarYear": "1994", "period": "FY", "revenue": 15734000000, "costOfRevenue": 4575000000, "grossProfit": 11159000000, "grossProfitRatio": 0.7092284225, "researchAndDevelopmentExpenses": 1278000000, "generalAndAdministrativeExpenses": 0, "sellingAndMarketingExpenses": 0, "sellingGeneralAndAdministrativeExpenses": 6350000000, "otherExpenses": 0, "operatingExpenses": 8352000000, "costAndExpenses": 12927000000, "interestIncome": 0, "interestExpense": 0, "depreciationAndAmortization": 724000000, "ebitda": 3575000000, "ebitdaratio": 0.2272149485, "operatingIncome": 2851000000, "operatingIncomeRatio": 0.1811999492, "totalOtherIncomeExpensesNet": -44000000, "incomeBeforeTax": 2681000000, "incomeBeforeTaxRatio": 0.1703953222, "incomeTaxExpense": 675000000, "netIncome": 2006000000, "netIncomeRatio": 0.1274945977, "eps": 0.78, "epsdiluted": 0.78, "weightedAverageShsOut": 2571794872, "weightedAverageShsOutDil": 2606000000, "link": "https://www.sec.gov/Archives/edgar/data/200406/000095012395000901/0000950123-95-000901-index.html", "finalLink": "https://www.sec.gov/Archives/edgar/data/200406/", "calculatedOtherExpenses": 680000000, "calculatedOperatingExpenses": 8308000000, "calculatedNetInterest": 0, "calculatedOtherIncome": -170000000, "calculatedIncomeNonControlling": 0, "calculatedEbitda": 3575000000}, {"date": "1993-12-31", "symbol": "JNJ", "reportedCurrency": "USD", "cik": "0000200406", "fillingDate": "1994-04-01", "acceptedDate": "1994-04-01 00:00:00", "calendarYear": "1993", "period": "FY", "revenue": 14138000000, "costOfRevenue": 4174000000, "grossProfit": 9964000000, "grossProfitRatio": 0.7047672938, "researchAndDevelopmentExpenses": 0, "generalAndAdministrativeExpenses": 0, "sellingAndMarketingExpenses": 0, "sellingGeneralAndAdministrativeExpenses": 6953000000, "otherExpenses": 0, "operatingExpenses": 7570000000, "costAndExpenses": 11744000000, "interestIncome": 0, "interestExpense": 0, "depreciationAndAmortization": 617000000, "ebitda": 2931000000, "ebitdaratio": 0.2073136229, "operatingIncome": 2314000000, "operatingIncomeRatio": 0.1636723723, "totalOtherIncomeExpensesNet": 80000000, "incomeBeforeTax": 2332000000, "incomeBeforeTaxRatio": 0.1649455369, "incomeTaxExpense": 545000000, "netIncome": 1787000000, "netIncomeRatio": 0.1263969444, "eps": 0.69, "epsdiluted": 0.68, "weightedAverageShsOut": 2608759124, "weightedAverageShsOutDil": 2627941176, "link": "https://www.sec.gov/Archives/edgar/data/200406/000095012394000687/0000950123-94-000687-index.htm", "finalLink": "https://www.sec.gov/Archives/edgar/data/200406/0000950123-94-000687.txt", "calculatedOtherExpenses": 697000000, "calculatedOperatingExpenses": 7650000000, "calculatedNetInterest": 0, "calculatedOtherIncome": 18000000, "calculatedIncomeNonControlling": 0, "calculatedEbitda": 2931000000}, {"date": "1992-12-31", "symbol": "JNJ", "reportedCurrency": "USD", "cik": "0000200406", "fillingDate": "1992-12-31", "acceptedDate": "1992-12-30 19:00:00", "calendarYear": "1992", "period": "FY", "revenue": 13753000000, "costOfRevenue": 4118000000, "grossProfit": 9635000000, "grossProfitRatio": 0.7005744201, "researchAndDevelopmentExpenses": 0, "generalAndAdministrativeExpenses": 0, "sellingAndMarketingExpenses": 0, "sellingGeneralAndAdministrativeExpenses": 6798000000, "otherExpenses": 0, "operatingExpenses": 7358000000, "costAndExpenses": 11476000000, "interestIncome": 0, "interestExpense": 0, "depreciationAndAmortization": 560000000, "ebitda": 2783000000, "ebitdaratio": 0.2023558496, "operatingIncome": 2223000000, "operatingIncomeRatio": 0.1616374609, "totalOtherIncomeExpensesNet": 54000000, "incomeBeforeTax": 2207000000, "incomeBeforeTaxRatio": 0.1604740784, "incomeTaxExpense": 582000000, "netIncome": 1030000000, "netIncomeRatio": 0.0748927507, "eps": 0.17, "epsdiluted": 0.16, "weightedAverageShsOut": 2627184466, "weightedAverageShsOutDil": 2627184466, "link": null, "finalLink": null, "calculatedOtherExpenses": 614000000, "calculatedOperatingExpenses": 7412000000, "calculatedNetInterest": 0, "calculatedOtherIncome": -16000000, "calculatedIncomeNonControlling": 595000000, "calculatedEbitda": 2783000000}, {"date": "1991-12-31", "symbol": "JNJ", "reportedCurrency": "USD", "cik": "0000200406", "fillingDate": "1991-12-31", "acceptedDate": "1991-12-30 19:00:00", "calendarYear": "1991", "period": "FY", "revenue": 12447000000, "costOfRevenue": 3711000000, "grossProfit": 8736000000, "grossProfitRatio": 0.7018558689, "researchAndDevelopmentExpenses": 0, "generalAndAdministrativeExpenses": 0, "sellingAndMarketingExpenses": 0, "sellingGeneralAndAdministrativeExpenses": 6079000000, "otherExpenses": 0, "operatingExpenses": 6572000000, "costAndExpenses": 10283000000, "interestIncome": 0, "interestExpense": 0, "depreciationAndAmortization": 493000000, "ebitda": 2654000000, "ebitdaratio": 0.2132240701, "operatingIncome": 2161000000, "operatingIncomeRatio": 0.1736161324, "totalOtherIncomeExpensesNet": 3000000, "incomeBeforeTax": 2038000000, "incomeBeforeTaxRatio": 0.1637342331, "incomeTaxExpense": 577000000, "netIncome": 1461000000, "netIncomeRatio": 0.1173776814, "eps": 0.55, "epsdiluted": 0.54, "weightedAverageShsOut": 2656363636, "weightedAverageShsOutDil": 2705555556, "link": null, "finalLink": null, "calculatedOtherExpenses": 496000000, "calculatedOperatingExpenses": 6575000000, "calculatedNetInterest": 0, "calculatedOtherIncome": -123000000, "calculatedIncomeNonControlling": 0, "calculatedEbitda": 2654000000}, {"date": "1990-12-31", "symbol": "JNJ", "reportedCurrency": "USD", "cik": "0000200406", "fillingDate": "1990-12-31", "acceptedDate": "1990-12-30 19:00:00", "calendarYear": "1990", "period": "FY", "revenue": 11232000000, "costOfRevenue": 3463000000, "grossProfit": 7769000000, "grossProfitRatio": 0.6916844729, "researchAndDevelopmentExpenses": 0, "generalAndAdministrativeExpenses": 0, "sellingAndMarketingExpenses": 0, "sellingGeneralAndAdministrativeExpenses": 5303000000, "otherExpenses": 0, "operatingExpenses": 5777000000, "costAndExpenses": 9240000000, "interestIncome": 0, "interestExpense": 0, "depreciationAndAmortization": 474000000, "ebitda": 2634000000, "ebitdaratio": 0.234508547, "operatingIncome": 2160000000, "operatingIncomeRatio": 0.1923076923, "totalOtherIncomeExpensesNet": -168000000, "incomeBeforeTax": 1623000000, "incomeBeforeTaxRatio": 0.1444978632, "incomeTaxExpense": 480000000, "netIncome": 1143000000, "netIncomeRatio": 0.1017628205, "eps": 0.43, "epsdiluted": 0.43, "weightedAverageShsOut": 2658139535, "weightedAverageShsOutDil": 2689411765, "link": null, "finalLink": null, "calculatedOtherExpenses": 306000000, "calculatedOperatingExpenses": 5609000000, "calculatedNetInterest": 0, "calculatedOtherIncome": -537000000, "calculatedIncomeNonControlling": 0, "calculatedEbitda": 2634000000}, {"date": "1989-12-31", "symbol": "JNJ", "reportedCurrency": "USD", "cik": "0000200406", "fillingDate": "1989-12-31", "acceptedDate": "1989-12-30 19:00:00", "calendarYear": "1989", "period": "FY", "revenue": 9757000000, "costOfRevenue": 3066000000, "grossProfit": 6691000000, "grossProfitRatio": 0.6857640668, "researchAndDevelopmentExpenses": 0, "generalAndAdministrativeExpenses": 0, "sellingAndMarketingExpenses": 0, "sellingGeneralAndAdministrativeExpenses": 4616000000, "otherExpenses": 0, "operatingExpenses": 5030000000, "costAndExpenses": 8096000000, "interestIncome": 0, "interestExpense": 0, "depreciationAndAmortization": 414000000, "ebitda": 2081000000, "ebitdaratio": 0.2132827713, "operatingIncome": 1667000000, "operatingIncomeRatio": 0.1708516962, "totalOtherIncomeExpensesNet": -6000000, "incomeBeforeTax": 1514000000, "incomeBeforeTaxRatio": 0.1551706467, "incomeTaxExpense": 432000000, "netIncome": 1082000000, "netIncomeRatio": 0.1108947422, "eps": 0.41, "epsdiluted": 0.4, "weightedAverageShsOut": 2671604938, "weightedAverageShsOutDil": 2705000000, "link": null, "finalLink": null, "calculatedOtherExpenses": 408000000, "calculatedOperatingExpenses": 5024000000, "calculatedNetInterest": 0, "calculatedOtherIncome": -153000000, "calculatedIncomeNonControlling": 0, "calculatedEbitda": 2081000000}, {"date": "1988-12-31", "symbol": "JNJ", "reportedCurrency": "USD", "cik": "0000200406", "fillingDate": "1988-12-31", "acceptedDate": "1988-12-30 19:00:00", "calendarYear": "1988", "period": "FY", "revenue": 9000000000, "costOfRevenue": 2901000000, "grossProfit": 6099000000, "grossProfitRatio": 0.6776666667, "researchAndDevelopmentExpenses": 0, "generalAndAdministrativeExpenses": 0, "sellingAndMarketingExpenses": 0, "sellingGeneralAndAdministrativeExpenses": 4304000000, "otherExpenses": 0, "operatingExpenses": 4695000000, "costAndExpenses": 7596000000, "interestIncome": 0, "interestExpense": 0, "depreciationAndAmortization": 391000000, "ebitda": 1699000000, "ebitdaratio": 0.1887777778, "operatingIncome": 1308000000, "operatingIncomeRatio": 0.1453333333, "totalOtherIncomeExpensesNet": 96000000, "incomeBeforeTax": 1396000000, "incomeBeforeTaxRatio": 0.1551111111, "incomeTaxExpense": 422000000, "netIncome": 974000000, "netIncomeRatio": 0.1082222222, "eps": 0.36, "epsdiluted": 0.35, "weightedAverageShsOut": 2743661972, "weightedAverageShsOutDil": 2782857143, "link": null, "finalLink": null, "calculatedOtherExpenses": 487000000, "calculatedOperatingExpenses": 4791000000, "calculatedNetInterest": 0, "calculatedOtherIncome": 88000000, "calculatedIncomeNonControlling": 0, "calculatedEbitda": 1699000000}, {"date": "1987-12-31", "symbol": "JNJ", "reportedCurrency": "USD", "cik": "0000200406", "fillingDate": "1987-12-31", "acceptedDate": "1987-12-30 19:00:00", "calendarYear": "1987", "period": "FY", "revenue": 8012000000, "costOfRevenue": 2602000000, "grossProfit": 5410000000, "grossProfitRatio": 0.6752371443, "researchAndDevelopmentExpenses": 0, "generalAndAdministrativeExpenses": 0, "sellingAndMarketingExpenses": 0, "sellingGeneralAndAdministrativeExpenses": 3845000000, "otherExpenses": 0, "operatingExpenses": 4201000000, "costAndExpenses": 6803000000, "interestIncome": 0, "interestExpense": 0, "depreciationAndAmortization": 356000000, "ebitda": 1465000000, "ebitdaratio": 0.1828507239, "operatingIncome": 1109000000, "operatingIncomeRatio": 0.1384173739, "totalOtherIncomeExpensesNet": 100000000, "incomeBeforeTax": 1193000000, "incomeBeforeTaxRatio": 0.1489016475, "incomeTaxExpense": 360000000, "netIncome": 833000000, "netIncomeRatio": 0.1039690464, "eps": 0.31, "epsdiluted": 0.31, "weightedAverageShsOut": 2731147541, "weightedAverageShsOutDil": 2731147541, "link": null, "finalLink": null, "calculatedOtherExpenses": 456000000, "calculatedOperatingExpenses": 4301000000, "calculatedNetInterest": 0, "calculatedOtherIncome": 84000000, "calculatedIncomeNonControlling": 0, "calculatedEbitda": 1465000000}, {"date": "1986-12-31", "symbol": "JNJ", "reportedCurrency": "USD", "cik": "0000200406", "fillingDate": "1986-12-31", "acceptedDate": "1986-12-30 19:00:00", "calendarYear": "1986", "period": "FY", "revenue": 7002900000, "costOfRevenue": 2354900000, "grossProfit": 4648000000, "grossProfitRatio": 0.6637250282, "researchAndDevelopmentExpenses": 0, "generalAndAdministrativeExpenses": 0, "sellingAndMarketingExpenses": 0, "sellingGeneralAndAdministrativeExpenses": 3389200000, "otherExpenses": 0, "operatingExpenses": 3664400000, "costAndExpenses": 6019300000, "interestIncome": 0, "interestExpense": 0, "depreciationAndAmortization": 275200000, "ebitda": 1786000000, "ebitdaratio": 0.2550371989, "operatingIncome": 1510800000, "operatingIncomeRatio": 0.2157391938, "totalOtherIncomeExpensesNet": -527200000, "incomeBeforeTax": 390800000, "incomeBeforeTaxRatio": 0.055805452, "incomeTaxExpense": 61300000, "netIncome": 329500000, "netIncomeRatio": 0.0470519356, "eps": 0.12, "epsdiluted": 0.12, "weightedAverageShsOut": 2745833333, "weightedAverageShsOutDil": 2745833333, "link": null, "finalLink": null, "calculatedOtherExpenses": -252000000, "calculatedOperatingExpenses": 3137200000, "calculatedNetInterest": 0, "calculatedOtherIncome": -1120000000, "calculatedIncomeNonControlling": 0, "calculatedEbitda": 1786000000}, {"date": "1985-12-31", "symbol": "JNJ", "reportedCurrency": "USD", "cik": "0000200406", "fillingDate": "1985-12-31", "acceptedDate": "1985-12-30 19:00:00", "calendarYear": "1985", "period": "FY", "revenue": 6421300000, "costOfRevenue": 2343700000, "grossProfit": 4077600000, "grossProfitRatio": 0.635011602, "researchAndDevelopmentExpenses": 0, "generalAndAdministrativeExpenses": 0, "sellingAndMarketingExpenses": 0, "sellingGeneralAndAdministrativeExpenses": 2987100000, "otherExpenses": 0, "operatingExpenses": 3237600000, "costAndExpenses": 5581300000, "interestIncome": 0, "interestExpense": 0, "depreciationAndAmortization": 250500000, "ebitda": 985400000, "ebitdaratio": 0.1534580225, "operatingIncome": 734900000, "operatingIncomeRatio": 0.1144472303, "totalOtherIncomeExpensesNet": 105100000, "incomeBeforeTax": 899200000, "incomeBeforeTaxRatio": 0.1400339495, "incomeTaxExpense": 285500000, "netIncome": 613700000, "netIncomeRatio": 0.0955725476, "eps": 0.21, "epsdiluted": 0.21, "weightedAverageShsOut": 2922380952, "weightedAverageShsOutDil": 2922380952, "link": null, "finalLink": null, "calculatedOtherExpenses": 355600000, "calculatedOperatingExpenses": 3342700000, "calculatedNetInterest": 0, "calculatedOtherIncome": 164300000, "calculatedIncomeNonControlling": 0, "calculatedEbitda": 985400000}]}