{"originalCurrency": "USD", "convertedCurrency": "USD", "report": [{"date": "2023-06-30", "symbol": "MSFT", "reportedCurrency": "USD", "cik": "0000789019", "fillingDate": "2023-07-27", "acceptedDate": "2023-07-27 16:01:56", "calendarYear": "2023", "period": "FY", "revenue": 211915000000, "costOfRevenue": 65863000000, "grossProfit": 146052000000, "grossProfitRatio": 0.6892008588, "researchAndDevelopmentExpenses": 27195000000, "generalAndAdministrativeExpenses": 7575000000, "sellingAndMarketingExpenses": 22759000000, "sellingGeneralAndAdministrativeExpenses": 30334000000, "otherExpenses": -223000000, "operatingExpenses": 57529000000, "costAndExpenses": 123392000000, "interestIncome": 2994000000, "interestExpense": 1968000000, "depreciationAndAmortization": 13861000000, "ebitda": 105155000000, "ebitdaratio": 0.4962131043, "operatingIncome": 88523000000, "operatingIncomeRatio": 0.4177288064, "totalOtherIncomeExpensesNet": -238000000, "incomeBeforeTax": 89311000000, "incomeBeforeTaxRatio": 0.4214472784, "incomeTaxExpense": 16950000000, "netIncome": 72361000000, "netIncomeRatio": 0.3414623788, "eps": 9.72, "epsdiluted": 9.68, "weightedAverageShsOut": 7446000000, "weightedAverageShsOutDil": 7472000000, "link": "https://www.sec.gov/Archives/edgar/data/789019/000095017023035122/0000950170-23-035122-index.htm", "finalLink": "https://www.sec.gov/Archives/edgar/data/789019/000095017023035122/msft-20230630.htm", "calculatedOtherExpenses": 0, "calculatedOperatingExpenses": 57529000000, "calculatedNetInterest": 1026000000, "calculatedOtherIncome": -238000000, "calculatedIncomeNonControlling": 0, "calculatedEbitda": 102384000000}, {"date": "2022-06-30", "symbol": "MSFT", "reportedCurrency": "USD", "cik": "0000789019", "fillingDate": "2022-07-28", "acceptedDate": "2022-07-28 16:06:19", "calendarYear": "2022", "period": "FY", "revenue": 198270000000, "costOfRevenue": 62650000000, "grossProfit": 135620000000, "grossProfitRatio": 0.6840167448, "researchAndDevelopmentExpenses": 24512000000, "generalAndAdministrativeExpenses": 5900000000, "sellingAndMarketingExpenses": 21825000000, "sellingGeneralAndAdministrativeExpenses": 27725000000, "otherExpenses": -32000000, "operatingExpenses": 52237000000, "costAndExpenses": 114887000000, "interestIncome": 2094000000, "interestExpense": 2063000000, "depreciationAndAmortization": 14460000000, "ebitda": 99905000000, "ebitdaratio": 0.5038835931, "operatingIncome": 83383000000, "operatingIncomeRatio": 0.4205527816, "totalOtherIncomeExpensesNet": 302000000, "incomeBeforeTax": 83716000000, "incomeBeforeTaxRatio": 0.4222323095, "incomeTaxExpense": 10978000000, "netIncome": 72738000000, "netIncomeRatio": 0.3668633681, "eps": 9.7, "epsdiluted": 9.65, "weightedAverageShsOut": 7496000000, "weightedAverageShsOutDil": 7540000000, "link": "https://www.sec.gov/Archives/edgar/data/789019/000156459022026876/0001564590-22-026876-index.htm", "finalLink": "https://www.sec.gov/Archives/edgar/data/789019/000156459022026876/msft-10k_20220630.htm", "calculatedOtherExpenses": 0, "calculatedOperatingExpenses": 52237000000, "calculatedNetInterest": 31000000, "calculatedOtherIncome": 302000000, "calculatedIncomeNonControlling": 0, "calculatedEbitda": 97843000000}, {"date": "2021-06-30", "symbol": "MSFT", "reportedCurrency": "USD", "cik": "0000789019", "fillingDate": "2021-07-29", "acceptedDate": "2021-07-29 16:21:55", "calendarYear": "2021", "period": "FY", "revenue": 168088000000, "costOfRevenue": 52232000000, "grossProfit": 115856000000, "grossProfitRatio": 0.6892580077, "researchAndDevelopmentExpenses": 20716000000, "generalAndAdministrativeExpenses": 5107000000, "sellingAndMarketingExpenses": 20117000000, "sellingGeneralAndAdministrativeExpenses": 25224000000, "otherExpenses": 98000000, "operatingExpenses": 45940000000, "costAndExpenses": 98172000000, "interestIncome": 2131000000, "interestExpense": 2346000000, "depreciationAndAmortization": 11686000000, "ebitda": 83831000000, "ebitdaratio": 0.4987328066, "operatingIncome": 69916000000, "operatingIncomeRatio": 0.4159487887, "totalOtherIncomeExpensesNet": 1401000000, "incomeBeforeTax": 71102000000, "incomeBeforeTaxRatio": 0.4230046166, "incomeTaxExpense": 9831000000, "netIncome": 61271000000, "netIncomeRatio": 0.3645173956, "eps": 8.12, "epsdiluted": 8.05, "weightedAverageShsOut": 7547000000, "weightedAverageShsOutDil": 7608000000, "link": "https://www.sec.gov/Archives/edgar/data/789019/000156459021039151/0001564590-21-039151-index.htm", "finalLink": "https://www.sec.gov/Archives/edgar/data/789019/000156459021039151/msft-10k_20210630.htm", "calculatedOtherExpenses": 0, "calculatedOperatingExpenses": 45940000000, "calculatedNetInterest": -215000000, "calculatedOtherIncome": 1401000000, "calculatedIncomeNonControlling": 0, "calculatedEbitda": 81602000000}, {"date": "2020-06-30", "symbol": "MSFT", "reportedCurrency": "USD", "cik": "0000789019", "fillingDate": "2020-07-30", "acceptedDate": "2020-07-30 20:44:46", "calendarYear": "2020", "period": "FY", "revenue": 143015000000, "costOfRevenue": 46078000000, "grossProfit": 96937000000, "grossProfitRatio": 0.6778100199, "researchAndDevelopmentExpenses": 19269000000, "generalAndAdministrativeExpenses": 5111000000, "sellingAndMarketingExpenses": 19598000000, "sellingGeneralAndAdministrativeExpenses": 24709000000, "otherExpenses": -40000000, "operatingExpenses": 43978000000, "costAndExpenses": 90056000000, "interestIncome": 2680000000, "interestExpense": 2591000000, "depreciationAndAmortization": 12796000000, "ebitda": 68395000000, "ebitdaratio": 0.4782365486, "operatingIncome": 52959000000, "operatingIncomeRatio": 0.3703038143, "totalOtherIncomeExpensesNet": -12000000, "incomeBeforeTax": 53036000000, "incomeBeforeTaxRatio": 0.3708422193, "incomeTaxExpense": 8755000000, "netIncome": 44281000000, "netIncomeRatio": 0.3096248645, "eps": 5.82, "epsdiluted": 5.76, "weightedAverageShsOut": 7610000000, "weightedAverageShsOutDil": 7683000000, "link": "https://www.sec.gov/Archives/edgar/data/789019/000156459020034944/0001564590-20-034944-index.htm", "finalLink": "https://www.sec.gov/Archives/edgar/data/789019/000156459020034944/msft-10k_20200630.htm", "calculatedOtherExpenses": 0, "calculatedOperatingExpenses": 43978000000, "calculatedNetInterest": 89000000, "calculatedOtherIncome": -12000000, "calculatedIncomeNonControlling": 0, "calculatedEbitda": 65755000000}, {"date": "2019-06-30", "symbol": "MSFT", "reportedCurrency": "USD", "cik": "0000789019", "fillingDate": "2019-08-01", "acceptedDate": "2019-08-01 16:09:55", "calendarYear": "2019", "period": "FY", "revenue": 125843000000, "costOfRevenue": 42910000000, "grossProfit": 82933000000, "grossProfitRatio": 0.659019572, "researchAndDevelopmentExpenses": 16876000000, "generalAndAdministrativeExpenses": 4885000000, "sellingAndMarketingExpenses": 18213000000, "sellingGeneralAndAdministrativeExpenses": 23098000000, "otherExpenses": -57000000, "operatingExpenses": 39974000000, "costAndExpenses": 82884000000, "interestIncome": 2762000000, "interestExpense": 2686000000, "depreciationAndAmortization": 11682000000, "ebitda": 57346000000, "ebitdaratio": 0.4556947943, "operatingIncome": 42959000000, "operatingIncomeRatio": 0.3413698021, "totalOtherIncomeExpensesNet": 653000000, "incomeBeforeTax": 43688000000, "incomeBeforeTaxRatio": 0.3471627345, "incomeTaxExpense": 4448000000, "netIncome": 39240000000, "netIncomeRatio": 0.3118171054, "eps": 5.11, "epsdiluted": 5.06, "weightedAverageShsOut": 7673000000, "weightedAverageShsOutDil": 7753000000, "link": "https://www.sec.gov/Archives/edgar/data/789019/000156459019027952/0001564590-19-027952-index.htm", "finalLink": "https://www.sec.gov/Archives/edgar/data/789019/000156459019027952/msft-10k_20190630.htm", "calculatedOtherExpenses": 0, "calculatedOperatingExpenses": 39974000000, "calculatedNetInterest": 76000000, "calculatedOtherIncome": 653000000, "calculatedIncomeNonControlling": 0, "calculatedEbitda": 54641000000}, {"date": "2018-06-30", "symbol": "MSFT", "reportedCurrency": "USD", "cik": "0000789019", "fillingDate": "2018-08-03", "acceptedDate": "2018-08-03 11:03:33", "calendarYear": "2018", "period": "FY", "revenue": 110360000000, "costOfRevenue": 38353000000, "grossProfit": 72007000000, "grossProfitRatio": 0.6524737224, "researchAndDevelopmentExpenses": 14726000000, "generalAndAdministrativeExpenses": 4754000000, "sellingAndMarketingExpenses": 17469000000, "sellingGeneralAndAdministrativeExpenses": 22223000000, "otherExpenses": -59000000, "operatingExpenses": 36949000000, "costAndExpenses": 75302000000, "interestIncome": 2214000000, "interestExpense": 2733000000, "depreciationAndAmortization": 10261000000, "ebitda": 47474000000, "ebitdaratio": 0.4301739761, "operatingIncome": 35058000000, "operatingIncomeRatio": 0.3176694455, "totalOtherIncomeExpensesNet": 1935000000, "incomeBeforeTax": 36474000000, "incomeBeforeTaxRatio": 0.3305001812, "incomeTaxExpense": 19903000000, "netIncome": 16571000000, "netIncomeRatio": 0.1501540413, "eps": 2.15, "epsdiluted": 2.13, "weightedAverageShsOut": 7700000000, "weightedAverageShsOutDil": 7794000000, "link": "https://www.sec.gov/Archives/edgar/data/789019/000156459018019062/0001564590-18-019062-index.htm", "finalLink": "https://www.sec.gov/Archives/edgar/data/789019/000156459018019062/msft-10k_20180630.htm", "calculatedOtherExpenses": 0, "calculatedOperatingExpenses": 36949000000, "calculatedNetInterest": -519000000, "calculatedOtherIncome": 1935000000, "calculatedIncomeNonControlling": 0, "calculatedEbitda": 45319000000}, {"date": "2017-06-30", "symbol": "MSFT", "reportedCurrency": "USD", "cik": "0000789019", "fillingDate": "2017-08-02", "acceptedDate": "2017-08-02 16:15:01", "calendarYear": "2017", "period": "FY", "revenue": 96571000000, "costOfRevenue": 34261000000, "grossProfit": 62310000000, "grossProfitRatio": 0.6452247569, "researchAndDevelopmentExpenses": 13037000000, "generalAndAdministrativeExpenses": 4481000000, "sellingAndMarketingExpenses": 15461000000, "sellingGeneralAndAdministrativeExpenses": 19942000000, "otherExpenses": -251000000, "operatingExpenses": 32979000000, "costAndExpenses": 67240000000, "interestIncome": 1387000000, "interestExpense": 2222000000, "depreciationAndAmortization": 8778000000, "ebitda": 39245000000, "ebitdaratio": 0.4063849396, "operatingIncome": 29025000000, "operatingIncomeRatio": 0.3005560676, "totalOtherIncomeExpensesNet": 1405000000, "incomeBeforeTax": 29901000000, "incomeBeforeTaxRatio": 0.3096271137, "incomeTaxExpense": 4412000000, "netIncome": 25489000000, "netIncomeRatio": 0.2639405204, "eps": 2.74, "epsdiluted": 2.71, "weightedAverageShsOut": 7746000000, "weightedAverageShsOutDil": 7832000000, "link": "https://www.sec.gov/Archives/edgar/data/789019/000156459017014900/0001564590-17-014900-index.htm", "finalLink": "https://www.sec.gov/Archives/edgar/data/789019/000156459017014900/msft-10k_20170630.htm", "calculatedOtherExpenses": 306000000, "calculatedOperatingExpenses": 33285000000, "calculatedNetInterest": -835000000, "calculatedOtherIncome": 1711000000, "calculatedIncomeNonControlling": 0, "calculatedEbitda": 37803000000}, {"date": "2016-06-30", "symbol": "MSFT", "reportedCurrency": "USD", "cik": "0000789019", "fillingDate": "2016-07-28", "acceptedDate": "2016-07-28 16:12:18", "calendarYear": "2016", "period": "FY", "revenue": 91154000000, "costOfRevenue": 32780000000, "grossProfit": 58374000000, "grossProfitRatio": 0.6403887926, "researchAndDevelopmentExpenses": 11988000000, "generalAndAdministrativeExpenses": 4563000000, "sellingAndMarketingExpenses": 14635000000, "sellingGeneralAndAdministrativeExpenses": 19198000000, "otherExpenses": -195000000, "operatingExpenses": 31186000000, "costAndExpenses": 63966000000, "interestIncome": 0, "interestExpense": 1243000000, "depreciationAndAmortization": 6622000000, "ebitda": 33615000000, "ebitdaratio": 0.3687715295, "operatingIncome": 26078000000, "operatingIncomeRatio": 0.2860872809, "totalOtherIncomeExpensesNet": -306000000, "incomeBeforeTax": 25639000000, "incomeBeforeTaxRatio": 0.2812712552, "incomeTaxExpense": 5100000000, "netIncome": 20539000000, "netIncomeRatio": 0.2253219826, "eps": 2.12, "epsdiluted": 2.1, "weightedAverageShsOut": 7925000000, "weightedAverageShsOutDil": 8013000000, "link": "https://www.sec.gov/Archives/edgar/data/789019/000119312516662209/0001193125-16-662209-index.htm", "finalLink": "https://www.sec.gov/Archives/edgar/data/789019/000119312516662209/d187868d10k.htm", "calculatedOtherExpenses": 1110000000, "calculatedOperatingExpenses": 32296000000, "calculatedNetInterest": -1243000000, "calculatedOtherIncome": 804000000, "calculatedIncomeNonControlling": 0, "calculatedEbitda": 32700000000}, {"date": "2015-06-30", "symbol": "MSFT", "reportedCurrency": "USD", "cik": "0000789019", "fillingDate": "2015-07-31", "acceptedDate": "2015-07-31 15:07:52", "calendarYear": "2015", "period": "FY", "revenue": 93580000000, "costOfRevenue": 33038000000, "grossProfit": 60542000000, "grossProfitRatio": 0.6469544775, "researchAndDevelopmentExpenses": 12046000000, "generalAndAdministrativeExpenses": 4611000000, "sellingAndMarketingExpenses": 15713000000, "sellingGeneralAndAdministrativeExpenses": 20324000000, "otherExpenses": -267000000, "operatingExpenses": 32370000000, "costAndExpenses": 65408000000, "interestIncome": 0, "interestExpense": 781000000, "depreciationAndAmortization": 5957000000, "ebitda": 33862000000, "ebitdaratio": 0.3618508228, "operatingIncome": 18161000000, "operatingIncomeRatio": 0.1940692456, "totalOtherIncomeExpensesNet": -8884000000, "incomeBeforeTax": 18507000000, "incomeBeforeTaxRatio": 0.1977666168, "incomeTaxExpense": 6314000000, "netIncome": 12193000000, "netIncomeRatio": 0.1302949348, "eps": 1.49, "epsdiluted": 1.48, "weightedAverageShsOut": 8177000000, "weightedAverageShsOutDil": 8254000000, "link": "https://www.sec.gov/Archives/edgar/data/789019/000119312515272806/0001193125-15-272806-index.htm", "finalLink": "https://www.sec.gov/Archives/edgar/data/789019/000119312515272806/d918813d10k.htm", "calculatedOtherExpenses": 10011000000, "calculatedOperatingExpenses": 42381000000, "calculatedNetInterest": -781000000, "calculatedOtherIncome": 1127000000, "calculatedIncomeNonControlling": 0, "calculatedEbitda": 24118000000}, {"date": "2014-06-30", "symbol": "MSFT", "reportedCurrency": "USD", "cik": "0000789019", "fillingDate": "2014-07-31", "acceptedDate": "2014-07-31 17:16:52", "calendarYear": "2014", "period": "FY", "revenue": 86833000000, "costOfRevenue": 27078000000, "grossProfit": 59755000000, "grossProfitRatio": 0.6881600313, "researchAndDevelopmentExpenses": 11381000000, "generalAndAdministrativeExpenses": 4677000000, "sellingAndMarketingExpenses": 15811000000, "sellingGeneralAndAdministrativeExpenses": 20488000000, "otherExpenses": -169000000, "operatingExpenses": 31869000000, "costAndExpenses": 58947000000, "interestIncome": 0, "interestExpense": 597000000, "depreciationAndAmortization": 5212000000, "ebitda": 32929000000, "ebitdaratio": 0.3792221851, "operatingIncome": 27759000000, "operatingIncomeRatio": 0.3196826091, "totalOtherIncomeExpensesNet": 531000000, "incomeBeforeTax": 27820000000, "incomeBeforeTaxRatio": 0.320385107, "incomeTaxExpense": 5746000000, "netIncome": 22074000000, "netIncomeRatio": 0.2542121083, "eps": 2.66, "epsdiluted": 2.63, "weightedAverageShsOut": 8299000000, "weightedAverageShsOutDil": 8399000000, "link": "https://www.sec.gov/Archives/edgar/data/789019/000119312514289961/0001193125-14-289961-index.htm", "finalLink": "https://www.sec.gov/Archives/edgar/data/789019/000119312514289961/d722626d10k.htm", "calculatedOtherExpenses": 127000000, "calculatedOperatingExpenses": 31996000000, "calculatedNetInterest": -597000000, "calculatedOtherIncome": 658000000, "calculatedIncomeNonControlling": 0, "calculatedEbitda": 32971000000}, {"date": "2013-06-30", "symbol": "MSFT", "reportedCurrency": "USD", "cik": "0000789019", "fillingDate": "2013-07-30", "acceptedDate": "2013-07-30 16:14:49", "calendarYear": "2013", "period": "FY", "revenue": 77849000000, "costOfRevenue": 20385000000, "grossProfit": 57464000000, "grossProfitRatio": 0.7381469255, "researchAndDevelopmentExpenses": 10411000000, "generalAndAdministrativeExpenses": 5013000000, "sellingAndMarketingExpenses": 15276000000, "sellingGeneralAndAdministrativeExpenses": 20289000000, "otherExpenses": 194000000, "operatingExpenses": 30700000000, "costAndExpenses": 51085000000, "interestIncome": 0, "interestExpense": 429000000, "depreciationAndAmortization": 3755000000, "ebitda": 30713000000, "ebitdaratio": 0.3945201608, "operatingIncome": 26764000000, "operatingIncomeRatio": 0.3437937546, "totalOtherIncomeExpensesNet": 717000000, "incomeBeforeTax": 27052000000, "incomeBeforeTaxRatio": 0.3474932241, "incomeTaxExpense": 5189000000, "netIncome": 21863000000, "netIncomeRatio": 0.2808385464, "eps": 2.61, "epsdiluted": 2.58, "weightedAverageShsOut": 8375000000, "weightedAverageShsOutDil": 8470000000, "link": "https://www.sec.gov/Archives/edgar/data/789019/000119312513310206/0001193125-13-310206-index.htm", "finalLink": "https://www.sec.gov/Archives/edgar/data/789019/000119312513310206/d527745d10k.htm", "calculatedOtherExpenses": 0, "calculatedOperatingExpenses": 30700000000, "calculatedNetInterest": -429000000, "calculatedOtherIncome": 717000000, "calculatedIncomeNonControlling": 0, "calculatedEbitda": 30519000000}, {"date": "2012-06-30", "symbol": "MSFT", "reportedCurrency": "USD", "cik": "0000789019", "fillingDate": "2012-07-26", "acceptedDate": "2012-07-26 16:12:48", "calendarYear": "2012", "period": "FY", "revenue": 73723000000, "costOfRevenue": 17530000000, "grossProfit": 56193000000, "grossProfitRatio": 0.7622180324, "researchAndDevelopmentExpenses": 9811000000, "generalAndAdministrativeExpenses": 4569000000, "sellingAndMarketingExpenses": 13857000000, "sellingGeneralAndAdministrativeExpenses": 18426000000, "otherExpenses": 1000000, "operatingExpenses": 28237000000, "costAndExpenses": 45767000000, "interestIncome": 0, "interestExpense": 380000000, "depreciationAndAmortization": 2967000000, "ebitda": 30924000000, "ebitdaratio": 0.4194620403, "operatingIncome": 21763000000, "operatingIncomeRatio": 0.2951995985, "totalOtherIncomeExpensesNet": -5309000000, "incomeBeforeTax": 22267000000, "incomeBeforeTaxRatio": 0.3020359996, "incomeTaxExpense": 5289000000, "netIncome": 16978000000, "netIncomeRatio": 0.2302944807, "eps": 2.02, "epsdiluted": 2, "weightedAverageShsOut": 8396000000, "weightedAverageShsOutDil": 8506000000, "link": "https://www.sec.gov/Archives/edgar/data/789019/000119312512316848/0001193125-12-316848-index.htm", "finalLink": "https://www.sec.gov/Archives/edgar/data/789019/000119312512316848/d347676d10k.htm", "calculatedOtherExpenses": 6193000000, "calculatedOperatingExpenses": 34430000000, "calculatedNetInterest": -380000000, "calculatedOtherIncome": 884000000, "calculatedIncomeNonControlling": 0, "calculatedEbitda": 24730000000}, {"date": "2011-06-30", "symbol": "MSFT", "reportedCurrency": "USD", "cik": "0000789019", "fillingDate": "2011-07-28", "acceptedDate": "2011-07-28 14:59:09", "calendarYear": "2011", "period": "FY", "revenue": 69943000000, "costOfRevenue": 15577000000, "grossProfit": 54366000000, "grossProfitRatio": 0.7772900791, "researchAndDevelopmentExpenses": 9043000000, "generalAndAdministrativeExpenses": 4222000000, "sellingAndMarketingExpenses": 13940000000, "sellingGeneralAndAdministrativeExpenses": 18162000000, "otherExpenses": -31000000, "operatingExpenses": 27205000000, "costAndExpenses": 42782000000, "interestIncome": 900000000, "interestExpense": 295000000, "depreciationAndAmortization": 2766000000, "ebitda": 29896000000, "ebitdaratio": 0.4274337675, "operatingIncome": 27161000000, "operatingIncomeRatio": 0.3883304977, "totalOtherIncomeExpensesNet": 1205000000, "incomeBeforeTax": 28071000000, "incomeBeforeTaxRatio": 0.401341092, "incomeTaxExpense": 4921000000, "netIncome": 23150000000, "netIncomeRatio": 0.3309838011, "eps": 2.73, "epsdiluted": 2.69, "weightedAverageShsOut": 8490000000, "weightedAverageShsOutDil": 8593000000, "link": "https://www.sec.gov/Archives/edgar/data/789019/000119312511200680/0001193125-11-200680-index.htm", "finalLink": "https://www.sec.gov/Archives/edgar/data/789019/000119312511200680/d10k.htm", "calculatedOtherExpenses": 0, "calculatedOperatingExpenses": 27205000000, "calculatedNetInterest": 605000000, "calculatedOtherIncome": 305000000, "calculatedIncomeNonControlling": 0, "calculatedEbitda": 29927000000}, {"date": "2010-06-30", "symbol": "MSFT", "reportedCurrency": "USD", "cik": "0000789019", "fillingDate": "2010-07-30", "acceptedDate": "2010-07-30 11:30:38", "calendarYear": "2010", "period": "FY", "revenue": 62484000000, "costOfRevenue": 12395000000, "grossProfit": 50089000000, "grossProfitRatio": 0.8016292171, "researchAndDevelopmentExpenses": 8714000000, "generalAndAdministrativeExpenses": 4063000000, "sellingAndMarketingExpenses": 13214000000, "sellingGeneralAndAdministrativeExpenses": 17277000000, "otherExpenses": 14000000, "operatingExpenses": 25991000000, "costAndExpenses": 38386000000, "interestIncome": 843000000, "interestExpense": 151000000, "depreciationAndAmortization": 2673000000, "ebitda": 26785000000, "ebitdaratio": 0.4286697395, "operatingIncome": 24098000000, "operatingIncomeRatio": 0.3856667307, "totalOtherIncomeExpensesNet": 1066000000, "incomeBeforeTax": 25013000000, "incomeBeforeTaxRatio": 0.4003104795, "incomeTaxExpense": 6253000000, "netIncome": 18760000000, "netIncomeRatio": 0.3002368606, "eps": 2.13, "epsdiluted": 2.1, "weightedAverageShsOut": 8813000000, "weightedAverageShsOutDil": 8927000000, "link": "https://www.sec.gov/Archives/edgar/data/789019/000119312510171791/0001193125-10-171791-index.htm", "finalLink": "https://www.sec.gov/Archives/edgar/data/789019/000119312510171791/d10k.htm", "calculatedOtherExpenses": 0, "calculatedOperatingExpenses": 25991000000, "calculatedNetInterest": 692000000, "calculatedOtherIncome": 223000000, "calculatedIncomeNonControlling": 0, "calculatedEbitda": 26771000000}, {"date": "2009-06-30", "symbol": "MSFT", "reportedCurrency": "USD", "cik": "0000789019", "fillingDate": "2009-07-30", "acceptedDate": "2009-07-30 06:05:07", "calendarYear": "2009", "period": "FY", "revenue": 58437000000, "costOfRevenue": 12155000000, "grossProfit": 46282000000, "grossProfitRatio": 0.7919982203, "researchAndDevelopmentExpenses": 9010000000, "generalAndAdministrativeExpenses": 4030000000, "sellingAndMarketingExpenses": 12879000000, "sellingGeneralAndAdministrativeExpenses": 16909000000, "otherExpenses": 0, "operatingExpenses": 25919000000, "costAndExpenses": 38074000000, "interestIncome": 744000000, "interestExpense": 38000000, "depreciationAndAmortization": 2562000000, "ebitda": 23669000000, "ebitdaratio": 0.4050344816, "operatingIncome": 20363000000, "operatingIncomeRatio": 0.3484607355, "totalOtherIncomeExpensesNet": -1248000000, "incomeBeforeTax": 19821000000, "incomeBeforeTaxRatio": 0.3391857898, "incomeTaxExpense": 5252000000, "netIncome": 14569000000, "netIncomeRatio": 0.2493112241, "eps": 1.63, "epsdiluted": 1.62, "weightedAverageShsOut": 8945000000, "weightedAverageShsOutDil": 8996000000, "link": "https://www.sec.gov/Archives/edgar/data/789019/000119312509158735/0001193125-09-158735-index.htm", "finalLink": "https://www.sec.gov/Archives/edgar/data/789019/000119312509158735/d10k.htm", "calculatedOtherExpenses": 0, "calculatedOperatingExpenses": 25919000000, "calculatedNetInterest": 706000000, "calculatedOtherIncome": -1248000000, "calculatedIncomeNonControlling": 0, "calculatedEbitda": 22925000000}, {"date": "2008-06-30", "symbol": "MSFT", "reportedCurrency": "USD", "cik": "0000789019", "fillingDate": "2008-07-31", "acceptedDate": "2008-07-31 17:23:18", "calendarYear": "2008", "period": "FY", "revenue": 60420000000, "costOfRevenue": 11598000000, "grossProfit": 48822000000, "grossProfitRatio": 0.8080436941, "researchAndDevelopmentExpenses": 8164000000, "generalAndAdministrativeExpenses": 5127000000, "sellingAndMarketingExpenses": 13260000000, "sellingGeneralAndAdministrativeExpenses": 18387000000, "otherExpenses": -143000000, "operatingExpenses": 26551000000, "costAndExpenses": 38149000000, "interestIncome": 888000000, "interestExpense": 106000000, "depreciationAndAmortization": 2056000000, "ebitda": 24184000000, "ebitdaratio": 0.400264813, "operatingIncome": 22271000000, "operatingIncomeRatio": 0.3686031116, "totalOtherIncomeExpensesNet": 1649000000, "incomeBeforeTax": 23814000000, "incomeBeforeTaxRatio": 0.3941410129, "incomeTaxExpense": 6133000000, "netIncome": 17681000000, "netIncomeRatio": 0.2926348891, "eps": 1.9, "epsdiluted": 1.87, "weightedAverageShsOut": 9328000000, "weightedAverageShsOutDil": 9470000000, "link": "https://www.sec.gov/Archives/edgar/data/789019/000119312508162768/0001193125-08-162768-index.htm", "finalLink": "https://www.sec.gov/Archives/edgar/data/789019/000119312508162768/d10k.htm", "calculatedOtherExpenses": 0, "calculatedOperatingExpenses": 26551000000, "calculatedNetInterest": 782000000, "calculatedOtherIncome": 761000000, "calculatedIncomeNonControlling": 0, "calculatedEbitda": 24327000000}, {"date": "2007-06-30", "symbol": "MSFT", "reportedCurrency": "USD", "cik": "0000789019", "fillingDate": "2007-08-03", "acceptedDate": "2007-08-03 17:13:48", "calendarYear": "2007", "period": "FY", "revenue": 51122000000, "costOfRevenue": 10693000000, "grossProfit": 40429000000, "grossProfitRatio": 0.790833692, "researchAndDevelopmentExpenses": 7121000000, "generalAndAdministrativeExpenses": 3329000000, "sellingAndMarketingExpenses": 11541000000, "sellingGeneralAndAdministrativeExpenses": 14870000000, "otherExpenses": 0, "operatingExpenses": 21991000000, "costAndExpenses": 32684000000, "interestIncome": 1319000000, "interestExpense": 0, "depreciationAndAmortization": 1440000000, "ebitda": 19534000000, "ebitdaratio": 0.3821055514, "operatingIncome": 18438000000, "operatingIncomeRatio": 0.3606666406, "totalOtherIncomeExpensesNet": 344000000, "incomeBeforeTax": 20101000000, "incomeBeforeTaxRatio": 0.3931966668, "incomeTaxExpense": 6036000000, "netIncome": 14065000000, "netIncomeRatio": 0.2751261688, "eps": 1.44, "epsdiluted": 1.42, "weightedAverageShsOut": 9742000000, "weightedAverageShsOutDil": 9886000000, "link": "https://www.sec.gov/Archives/edgar/data/789019/000119312507170817/0001193125-07-170817-index.htm", "finalLink": "https://www.sec.gov/Archives/edgar/data/789019/000119312507170817/d10k.htm", "calculatedOtherExpenses": 0, "calculatedOperatingExpenses": 21991000000, "calculatedNetInterest": 1319000000, "calculatedOtherIncome": 344000000, "calculatedIncomeNonControlling": 0, "calculatedEbitda": 19878000000}, {"date": "2006-06-30", "symbol": "MSFT", "reportedCurrency": "USD", "cik": "0000789019", "fillingDate": "2006-08-25", "acceptedDate": "2006-08-25 17:13:53", "calendarYear": "2006", "period": "FY", "revenue": 44282000000, "costOfRevenue": 7650000000, "grossProfit": 36632000000, "grossProfitRatio": 0.8272435753, "researchAndDevelopmentExpenses": 6584000000, "generalAndAdministrativeExpenses": 3758000000, "sellingAndMarketingExpenses": 9818000000, "sellingGeneralAndAdministrativeExpenses": 13576000000, "otherExpenses": 0, "operatingExpenses": 20160000000, "costAndExpenses": 27810000000, "interestIncome": 1510000000, "interestExpense": 0, "depreciationAndAmortization": 903000000, "ebitda": 17095000000, "ebitdaratio": 0.3860485073, "operatingIncome": 16472000000, "operatingIncomeRatio": 0.3719795854, "totalOtherIncomeExpensesNet": 280000000, "incomeBeforeTax": 18262000000, "incomeBeforeTaxRatio": 0.4124023305, "incomeTaxExpense": 5663000000, "netIncome": 12599000000, "netIncomeRatio": 0.2845174111, "eps": 1.21, "epsdiluted": 1.2, "weightedAverageShsOut": 10438000000, "weightedAverageShsOutDil": 10531000000, "link": "https://www.sec.gov/Archives/edgar/data/789019/000119312506180008/0001193125-06-180008-index.htm", "finalLink": "https://www.sec.gov/Archives/edgar/data/789019/000119312506180008/d10k.htm", "calculatedOtherExpenses": 0, "calculatedOperatingExpenses": 20160000000, "calculatedNetInterest": 1510000000, "calculatedOtherIncome": 280000000, "calculatedIncomeNonControlling": 0, "calculatedEbitda": 17375000000}, {"date": "2005-06-30", "symbol": "MSFT", "reportedCurrency": "USD", "cik": "0000789019", "fillingDate": "2005-08-26", "acceptedDate": "2005-08-25 19:59:54", "calendarYear": "2005", "period": "FY", "revenue": 39788000000, "costOfRevenue": 6031000000, "grossProfit": 33757000000, "grossProfitRatio": 0.8484216347, "researchAndDevelopmentExpenses": 6184000000, "generalAndAdministrativeExpenses": 0, "sellingAndMarketingExpenses": 0, "sellingGeneralAndAdministrativeExpenses": 13099000000, "otherExpenses": 0, "operatingExpenses": 19196000000, "costAndExpenses": 25227000000, "interestIncome": 0, "interestExpense": 0, "depreciationAndAmortization": 855000000, "ebitda": 13349000000, "ebitdaratio": 0.3355031668, "operatingIncome": 14561000000, "operatingIncomeRatio": 0.3659646124, "totalOtherIncomeExpensesNet": 2067000000, "incomeBeforeTax": 16628000000, "incomeBeforeTaxRatio": 0.4179149492, "incomeTaxExpense": 4374000000, "netIncome": 12254000000, "netIncomeRatio": 0.3079823062, "eps": 1.13, "epsdiluted": 1.12, "weightedAverageShsOut": 10839000000, "weightedAverageShsOutDil": 10906000000, "link": "https://www.sec.gov/Archives/edgar/data/789019/000119312505174825/0001193125-05-174825-index.htm", "finalLink": "https://www.sec.gov/Archives/edgar/data/789019/000119312505174825/d10k.htm", "calculatedOtherExpenses": -87000000, "calculatedOperatingExpenses": 19196000000, "calculatedNetInterest": 0, "calculatedOtherIncome": 2067000000, "calculatedIncomeNonControlling": 0, "calculatedEbitda": 15416000000}, {"date": "2004-06-30", "symbol": "MSFT", "reportedCurrency": "USD", "cik": "0000789019", "fillingDate": "2004-09-01", "acceptedDate": "2004-09-01 17:03:00", "calendarYear": "2004", "period": "FY", "revenue": 36835000000, "costOfRevenue": 6716000000, "grossProfit": 30119000000, "grossProfitRatio": 0.8176734084, "researchAndDevelopmentExpenses": 7779000000, "generalAndAdministrativeExpenses": 0, "sellingAndMarketingExpenses": 0, "sellingGeneralAndAdministrativeExpenses": 13306000000, "otherExpenses": 0, "operatingExpenses": 21085000000, "costAndExpenses": 27801000000, "interestIncome": 0, "interestExpense": 0, "depreciationAndAmortization": 1186000000, "ebitda": 7033000000, "ebitdaratio": 0.190932537, "operatingIncome": 9034000000, "operatingIncomeRatio": 0.2452558708, "totalOtherIncomeExpensesNet": 3162000000, "incomeBeforeTax": 12196000000, "incomeBeforeTaxRatio": 0.3310981404, "incomeTaxExpense": 4028000000, "netIncome": 8168000000, "netIncomeRatio": 0.2217456224, "eps": 0.76, "epsdiluted": 0.75, "weightedAverageShsOut": 10803000000, "weightedAverageShsOutDil": 10894000000, "link": "https://www.sec.gov/Archives/edgar/data/789019/000119312504150689/0001193125-04-150689-index.htm", "finalLink": "https://www.sec.gov/Archives/edgar/data/789019/000119312504150689/d10k.htm", "calculatedOtherExpenses": 0, "calculatedOperatingExpenses": 21085000000, "calculatedNetInterest": 0, "calculatedOtherIncome": 3162000000, "calculatedIncomeNonControlling": 0, "calculatedEbitda": 10220000000}, {"date": "2003-06-30", "symbol": "MSFT", "reportedCurrency": "USD", "cik": "0000789019", "fillingDate": "2003-09-05", "acceptedDate": "2003-09-04 19:42:47", "calendarYear": "2003", "period": "FY", "revenue": 32187000000, "costOfRevenue": 6059000000, "grossProfit": 26128000000, "grossProfitRatio": 0.8117562991, "researchAndDevelopmentExpenses": 4659000000, "generalAndAdministrativeExpenses": 0, "sellingAndMarketingExpenses": 0, "sellingGeneralAndAdministrativeExpenses": 9988000000, "otherExpenses": 0, "operatingExpenses": 16583000000, "costAndExpenses": 22642000000, "interestIncome": 0, "interestExpense": 0, "depreciationAndAmortization": 1393000000, "ebitda": 9361000000, "ebitdaratio": 0.2908317022, "operatingIncome": 9545000000, "operatingIncomeRatio": 0.2965482959, "totalOtherIncomeExpensesNet": 1509000000, "incomeBeforeTax": 11054000000, "incomeBeforeTaxRatio": 0.3434305776, "incomeTaxExpense": 3523000000, "netIncome": 7531000000, "netIncomeRatio": 0.2339764501, "eps": 0.7, "epsdiluted": 0.69, "weightedAverageShsOut": 10723000000, "weightedAverageShsOutDil": 10882000000, "link": "https://www.sec.gov/Archives/edgar/data/789019/000119312503045632/0001193125-03-045632-index.htm", "finalLink": "https://www.sec.gov/Archives/edgar/data/789019/000119312503045632/d10k.htm", "calculatedOtherExpenses": 1936000000, "calculatedOperatingExpenses": 16583000000, "calculatedNetInterest": 0, "calculatedOtherIncome": 1509000000, "calculatedIncomeNonControlling": 0, "calculatedEbitda": 10938000000}, {"date": "2002-06-30", "symbol": "MSFT", "reportedCurrency": "USD", "cik": "0000789019", "fillingDate": "2002-09-06", "acceptedDate": "2002-09-05 20:20:11", "calendarYear": "2002", "period": "FY", "revenue": 28365000000, "costOfRevenue": 5191000000, "grossProfit": 23174000000, "grossProfitRatio": 0.8169927728, "researchAndDevelopmentExpenses": 4307000000, "generalAndAdministrativeExpenses": 0, "sellingAndMarketingExpenses": 0, "sellingGeneralAndAdministrativeExpenses": 6957000000, "otherExpenses": 0, "operatingExpenses": 11264000000, "costAndExpenses": 16455000000, "interestIncome": 0, "interestExpense": 0, "depreciationAndAmortization": 1084000000, "ebitda": 15061000000, "ebitdaratio": 0.5309712674, "operatingIncome": 11910000000, "operatingIncomeRatio": 0.4198836594, "totalOtherIncomeExpensesNet": -2159000000, "incomeBeforeTax": 11513000000, "incomeBeforeTaxRatio": 0.4058875375, "incomeTaxExpense": 3684000000, "netIncome": 7829000000, "netIncomeRatio": 0.2760091662, "eps": 0.72, "epsdiluted": 0.7, "weightedAverageShsOut": 10811000000, "weightedAverageShsOutDil": 11106000000, "link": "https://www.sec.gov/Archives/edgar/data/789019/000103221002001351/0001032210-02-001351-index.htm", "finalLink": "https://www.sec.gov/Archives/edgar/data/789019/000103221002001351/d10k.htm", "calculatedOtherExpenses": 0, "calculatedOperatingExpenses": 11264000000, "calculatedNetInterest": 0, "calculatedOtherIncome": -397000000, "calculatedIncomeNonControlling": 0, "calculatedEbitda": 12994000000}, {"date": "2001-06-30", "symbol": "MSFT", "reportedCurrency": "USD", "cik": "0000789019", "fillingDate": "2001-09-18", "acceptedDate": "2001-09-18 00:00:00", "calendarYear": "2001", "period": "FY", "revenue": 25296000000, "costOfRevenue": 3455000000, "grossProfit": 21841000000, "grossProfitRatio": 0.863417141, "researchAndDevelopmentExpenses": 4379000000, "generalAndAdministrativeExpenses": 0, "sellingAndMarketingExpenses": 0, "sellingGeneralAndAdministrativeExpenses": 5742000000, "otherExpenses": 0, "operatingExpenses": 10121000000, "costAndExpenses": 13576000000, "interestIncome": 0, "interestExpense": 0, "depreciationAndAmortization": 1536000000, "ebitda": 15100000000, "ebitdaratio": 0.5969323213, "operatingIncome": 11720000000, "operatingIncomeRatio": 0.463314358, "totalOtherIncomeExpensesNet": -2003000000, "incomeBeforeTax": 11525000000, "incomeBeforeTaxRatio": 0.4556056293, "incomeTaxExpense": 3804000000, "netIncome": 7346000000, "netIncomeRatio": 0.2904016445, "eps": 0.69, "epsdiluted": 0.66, "weightedAverageShsOut": 10682000000, "weightedAverageShsOutDil": 11148000000, "link": "https://www.sec.gov/Archives/edgar/data/789019/000103221001501099/0001032210-01-501099-index.htm", "finalLink": "https://www.sec.gov/Archives/edgar/data/789019/000103221001501099/d10k.txt", "calculatedOtherExpenses": 0, "calculatedOperatingExpenses": 10121000000, "calculatedNetInterest": 0, "calculatedOtherIncome": -195000000, "calculatedIncomeNonControlling": 375000000, "calculatedEbitda": 13256000000}, {"date": "2000-06-30", "symbol": "MSFT", "reportedCurrency": "USD", "cik": "0000789019", "fillingDate": "2000-09-28", "acceptedDate": "2000-09-28 00:00:00", "calendarYear": "2000", "period": "FY", "revenue": 22956000000, "costOfRevenue": 3002000000, "grossProfit": 19954000000, "grossProfitRatio": 0.8692280885, "researchAndDevelopmentExpenses": 3775000000, "generalAndAdministrativeExpenses": 0, "sellingAndMarketingExpenses": 0, "sellingGeneralAndAdministrativeExpenses": 5176000000, "otherExpenses": 0, "operatingExpenses": 8948000000, "costAndExpenses": 11950000000, "interestIncome": 0, "interestExpense": 0, "depreciationAndAmortization": 1250000000, "ebitda": 10161000000, "ebitdaratio": 0.4426293779, "operatingIncome": 11006000000, "operatingIncomeRatio": 0.4794389266, "totalOtherIncomeExpensesNet": 2038000000, "incomeBeforeTax": 14275000000, "incomeBeforeTaxRatio": 0.6218417843, "incomeTaxExpense": 4854000000, "netIncome": 9421000000, "netIncomeRatio": 0.4103937968, "eps": 0.89, "epsdiluted": 0.85, "weightedAverageShsOut": 10334000000, "weightedAverageShsOutDil": 11067058824, "link": "https://www.sec.gov/Archives/edgar/data/789019/000103221000001961/0001032210-00-001961-index.htm", "finalLink": "https://www.sec.gov/Archives/edgar/data/789019/000103221000001961/0001032210-00-001961-0001.txt", "calculatedOtherExpenses": -3000000, "calculatedOperatingExpenses": 8948000000, "calculatedNetInterest": 0, "calculatedOtherIncome": 3269000000, "calculatedIncomeNonControlling": 0, "calculatedEbitda": 12256000000}, {"date": "1999-06-30", "symbol": "MSFT", "reportedCurrency": "USD", "cik": "0000789019", "fillingDate": "1999-09-28", "acceptedDate": "1999-09-28 00:00:00", "calendarYear": "1999", "period": "FY", "revenue": 19747000000, "costOfRevenue": 1804000000, "grossProfit": 17943000000, "grossProfitRatio": 0.908644351, "researchAndDevelopmentExpenses": 2970000000, "generalAndAdministrativeExpenses": 0, "sellingAndMarketingExpenses": 0, "sellingGeneralAndAdministrativeExpenses": 3920000000, "otherExpenses": 0, "operatingExpenses": 7900000000, "costAndExpenses": 9704000000, "interestIncome": 0, "interestExpense": 0, "depreciationAndAmortization": 926000000, "ebitda": 9205000000, "ebitdaratio": 0.4661467565, "operatingIncome": 10043000000, "operatingIncomeRatio": 0.5085835823, "totalOtherIncomeExpensesNet": 1848000000, "incomeBeforeTax": 11891000000, "incomeBeforeTaxRatio": 0.6021674178, "incomeTaxExpense": 4106000000, "netIncome": 7785000000, "netIncomeRatio": 0.3942370993, "eps": 0.77, "epsdiluted": 0.71, "weightedAverageShsOut": 10056000000, "weightedAverageShsOutDil": 10964000000, "link": "https://www.sec.gov/Archives/edgar/data/789019/000103221099001375/0001032210-99-001375-index.html", "finalLink": "https://www.sec.gov/Archives/edgar/data/789019/000103221099001375/", "calculatedOtherExpenses": 1010000000, "calculatedOperatingExpenses": 7900000000, "calculatedNetInterest": 0, "calculatedOtherIncome": 1848000000, "calculatedIncomeNonControlling": 0, "calculatedEbitda": 10969000000}, {"date": "1998-06-30", "symbol": "MSFT", "reportedCurrency": "USD", "cik": "0000789019", "fillingDate": "1998-09-25", "acceptedDate": "1998-09-25 00:00:00", "calendarYear": "1998", "period": "FY", "revenue": 15262000000, "costOfRevenue": 1436000000, "grossProfit": 13826000000, "grossProfitRatio": 0.9059101035, "researchAndDevelopmentExpenses": 2502000000, "generalAndAdministrativeExpenses": 0, "sellingAndMarketingExpenses": 0, "sellingGeneralAndAdministrativeExpenses": 3491000000, "otherExpenses": 0, "operatingExpenses": 7116000000, "costAndExpenses": 8552000000, "interestIncome": 0, "interestExpense": 0, "depreciationAndAmortization": 1024000000, "ebitda": 7327000000, "ebitdaratio": 0.4800812475, "operatingIncome": 6710000000, "operatingIncomeRatio": 0.4396540427, "totalOtherIncomeExpensesNet": 407000000, "incomeBeforeTax": 7117000000, "incomeBeforeTaxRatio": 0.466321583, "incomeTaxExpense": 2627000000, "netIncome": 4490000000, "netIncomeRatio": 0.294194732, "eps": 0.46, "epsdiluted": 0.42, "weightedAverageShsOut": 9728000000, "weightedAverageShsOutDil": 10724000000, "link": "https://www.sec.gov/Archives/edgar/data/789019/000103221098001067/0001032210-98-001067-index.html", "finalLink": "https://www.sec.gov/Archives/edgar/data/789019/", "calculatedOtherExpenses": 1123000000, "calculatedOperatingExpenses": 7116000000, "calculatedNetInterest": 0, "calculatedOtherIncome": 407000000, "calculatedIncomeNonControlling": 0, "calculatedEbitda": 7734000000}, {"date": "1997-06-30", "symbol": "MSFT", "reportedCurrency": "USD", "cik": "0000789019", "fillingDate": "1997-09-29", "acceptedDate": "1997-09-29 00:00:00", "calendarYear": "1997", "period": "FY", "revenue": 11936000000, "costOfRevenue": 1613000000, "grossProfit": 10323000000, "grossProfitRatio": 0.8648626005, "researchAndDevelopmentExpenses": 1925000000, "generalAndAdministrativeExpenses": 0, "sellingAndMarketingExpenses": 0, "sellingGeneralAndAdministrativeExpenses": 3032000000, "otherExpenses": 0, "operatingExpenses": 5452000000, "costAndExpenses": 7065000000, "interestIncome": 0, "interestExpense": 0, "depreciationAndAmortization": 557000000, "ebitda": 4985000000, "ebitdaratio": 0.4176441019, "operatingIncome": 4871000000, "operatingIncomeRatio": 0.4080931635, "totalOtherIncomeExpensesNet": 443000000, "incomeBeforeTax": 5314000000, "incomeBeforeTaxRatio": 0.4452077748, "incomeTaxExpense": 1860000000, "netIncome": 3454000000, "netIncomeRatio": 0.2893766756, "eps": 0.36, "epsdiluted": 0.33, "weightedAverageShsOut": 9552777778, "weightedAverageShsOutDil": 10421212121, "link": "https://www.sec.gov/Archives/edgar/data/789019/000101706297001764/0001017062-97-001764-index.html", "finalLink": "https://www.sec.gov/Archives/edgar/data/789019/", "calculatedOtherExpenses": 495000000, "calculatedOperatingExpenses": 5452000000, "calculatedNetInterest": 0, "calculatedOtherIncome": 443000000, "calculatedIncomeNonControlling": 0, "calculatedEbitda": 5428000000}, {"date": "1996-06-30", "symbol": "MSFT", "reportedCurrency": "USD", "cik": "0000789019", "fillingDate": "1996-09-27", "acceptedDate": "1996-09-27 00:00:00", "calendarYear": "1996", "period": "FY", "revenue": 8671000000, "costOfRevenue": 708000000, "grossProfit": 7963000000, "grossProfitRatio": 0.918348518, "researchAndDevelopmentExpenses": 1432000000, "generalAndAdministrativeExpenses": 0, "sellingAndMarketingExpenses": 0, "sellingGeneralAndAdministrativeExpenses": 4405000000, "otherExpenses": 0, "operatingExpenses": 4885000000, "costAndExpenses": 5593000000, "interestIncome": 0, "interestExpense": 0, "depreciationAndAmortization": 480000000, "ebitda": 3257000000, "ebitdaratio": 0.3756198824, "operatingIncome": 3078000000, "operatingIncomeRatio": 0.354976358, "totalOtherIncomeExpensesNet": 301000000, "incomeBeforeTax": 3379000000, "incomeBeforeTaxRatio": 0.3896897705, "incomeTaxExpense": 1184000000, "netIncome": 2195000000, "netIncomeRatio": 0.2531426594, "eps": 0.24, "epsdiluted": 0.22, "weightedAverageShsOut": 9340425532, "weightedAverageShsOutDil": 10209302326, "link": "https://www.sec.gov/Archives/edgar/data/789019/000089102096001130/0000891020-96-001130-index.html", "finalLink": "https://www.sec.gov/Archives/edgar/data/789019/", "calculatedOtherExpenses": -952000000, "calculatedOperatingExpenses": 4885000000, "calculatedNetInterest": 0, "calculatedOtherIncome": 301000000, "calculatedIncomeNonControlling": 0, "calculatedEbitda": 3558000000}, {"date": "1995-06-30", "symbol": "MSFT", "reportedCurrency": "USD", "cik": "0000789019", "fillingDate": "1995-09-25", "acceptedDate": "1995-09-25 00:00:00", "calendarYear": "1995", "period": "FY", "revenue": 5937000000, "costOfRevenue": 608000000, "grossProfit": 5329000000, "grossProfitRatio": 0.8975913761, "researchAndDevelopmentExpenses": 860000000, "generalAndAdministrativeExpenses": 0, "sellingAndMarketingExpenses": 0, "sellingGeneralAndAdministrativeExpenses": 2162000000, "otherExpenses": 0, "operatingExpenses": 3291000000, "costAndExpenses": 3899000000, "interestIncome": 0, "interestExpense": 0, "depreciationAndAmortization": 269000000, "ebitda": 2178000000, "ebitdaratio": 0.3668519454, "operatingIncome": 2038000000, "operatingIncomeRatio": 0.3432710123, "totalOtherIncomeExpensesNet": 129000000, "incomeBeforeTax": 2167000000, "incomeBeforeTaxRatio": 0.3649991578, "incomeTaxExpense": 714000000, "netIncome": 1453000000, "netIncomeRatio": 0.2447363989, "eps": 0.14, "epsdiluted": 0.14, "weightedAverageShsOut": 10032000000, "weightedAverageShsOutDil": 10032000000, "link": "https://www.sec.gov/Archives/edgar/data/789019/000089102095000433/0000891020-95-000433-index.html", "finalLink": "https://www.sec.gov/Archives/edgar/data/789019/", "calculatedOtherExpenses": 269000000, "calculatedOperatingExpenses": 3291000000, "calculatedNetInterest": 0, "calculatedOtherIncome": 129000000, "calculatedIncomeNonControlling": 0, "calculatedEbitda": 2307000000}, {"date": "1994-06-30", "symbol": "MSFT", "reportedCurrency": "USD", "cik": "0000789019", "fillingDate": "1994-09-27", "acceptedDate": "1994-09-27 00:00:00", "calendarYear": "1994", "period": "FY", "revenue": 4649000000, "costOfRevenue": 526000000, "grossProfit": 4123000000, "grossProfitRatio": 0.8868573887, "researchAndDevelopmentExpenses": 610000000, "generalAndAdministrativeExpenses": 0, "sellingAndMarketingExpenses": 0, "sellingGeneralAndAdministrativeExpenses": 1550000000, "otherExpenses": 0, "operatingExpenses": 2397000000, "costAndExpenses": 2923000000, "interestIncome": 0, "interestExpense": 0, "depreciationAndAmortization": 237000000, "ebitda": 1967000000, "ebitdaratio": 0.4231017423, "operatingIncome": 1726000000, "operatingIncomeRatio": 0.3712626371, "totalOtherIncomeExpensesNet": -4000000, "incomeBeforeTax": 1722000000, "incomeBeforeTaxRatio": 0.370402237, "incomeTaxExpense": 576000000, "netIncome": 1146000000, "netIncomeRatio": 0.2465046247, "eps": 0.12, "epsdiluted": 0.12, "weightedAverageShsOut": 9760000000, "weightedAverageShsOutDil": 9760000000, "link": "https://www.sec.gov/Archives/edgar/data/789019/000089102094000175/0000891020-94-000175-index.html", "finalLink": "https://www.sec.gov/Archives/edgar/data/789019/", "calculatedOtherExpenses": 237000000, "calculatedOperatingExpenses": 2397000000, "calculatedNetInterest": 0, "calculatedOtherIncome": -4000000, "calculatedIncomeNonControlling": 0, "calculatedEbitda": 1963000000}, {"date": "1993-06-30", "symbol": "MSFT", "reportedCurrency": "USD", "cik": "0000789019", "fillingDate": "1993-06-30", "acceptedDate": "1993-06-30 00:00:00", "calendarYear": "1993", "period": "FY", "revenue": 3753000000, "costOfRevenue": 482000000, "grossProfit": 3271000000, "grossProfitRatio": 0.8715694111, "researchAndDevelopmentExpenses": 0, "generalAndAdministrativeExpenses": 0, "sellingAndMarketingExpenses": 0, "sellingGeneralAndAdministrativeExpenses": 1794000000, "otherExpenses": 0, "operatingExpenses": 1945000000, "costAndExpenses": 2427000000, "interestIncome": 0, "interestExpense": 0, "depreciationAndAmortization": 151000000, "ebitda": 1402000000, "ebitdaratio": 0.3735678124, "operatingIncome": 1326000000, "operatingIncomeRatio": 0.3533173461, "totalOtherIncomeExpensesNet": 75000000, "incomeBeforeTax": 1401000000, "incomeBeforeTaxRatio": 0.3733013589, "incomeTaxExpense": 448000000, "netIncome": 953000000, "netIncomeRatio": 0.2539301892, "eps": 0.1, "epsdiluted": 0.1, "weightedAverageShsOut": 9530000000, "weightedAverageShsOutDil": 9530000000, "link": null, "finalLink": null, "calculatedOtherExpenses": 151000000, "calculatedOperatingExpenses": 1945000000, "calculatedNetInterest": 0, "calculatedOtherIncome": 75000000, "calculatedIncomeNonControlling": 0, "calculatedEbitda": 1477000000}, {"date": "1992-06-30", "symbol": "MSFT", "reportedCurrency": "USD", "cik": "0000789019", "fillingDate": "1992-06-30", "acceptedDate": "1992-06-30 00:00:00", "calendarYear": "1992", "period": "FY", "revenue": 2758700000, "costOfRevenue": 354100000, "grossProfit": 2404600000, "grossProfitRatio": 0.8716424403, "researchAndDevelopmentExpenses": 0, "generalAndAdministrativeExpenses": 0, "sellingAndMarketingExpenses": 0, "sellingGeneralAndAdministrativeExpenses": 1296300000, "otherExpenses": 0, "operatingExpenses": 1408600000, "costAndExpenses": 1762700000, "interestIncome": 0, "interestExpense": 0, "depreciationAndAmortization": 112300000, "ebitda": 1063000000, "ebitdaratio": 0.3853264219, "operatingIncome": 996000000, "operatingIncomeRatio": 0.3610396201, "totalOtherIncomeExpensesNet": 45300000, "incomeBeforeTax": 1041300000, "incomeBeforeTaxRatio": 0.377460398, "incomeTaxExpense": 333200000, "netIncome": 708100000, "netIncomeRatio": 0.2566788705, "eps": 0.08, "epsdiluted": 0.08, "weightedAverageShsOut": 8851250000, "weightedAverageShsOutDil": 8851250000, "link": null, "finalLink": null, "calculatedOtherExpenses": 112300000, "calculatedOperatingExpenses": 1408600000, "calculatedNetInterest": 0, "calculatedOtherIncome": 45300000, "calculatedIncomeNonControlling": 0, "calculatedEbitda": 1108300000}, {"date": "1991-06-30", "symbol": "MSFT", "reportedCurrency": "USD", "cik": "0000789019", "fillingDate": "1991-06-30", "acceptedDate": "1991-06-30 00:00:00", "calendarYear": "1991", "period": "FY", "revenue": 1843400000, "costOfRevenue": 286800000, "grossProfit": 1556600000, "grossProfitRatio": 0.8444179234, "researchAndDevelopmentExpenses": 0, "generalAndAdministrativeExpenses": 0, "sellingAndMarketingExpenses": 0, "sellingGeneralAndAdministrativeExpenses": 831000000, "otherExpenses": 0, "operatingExpenses": 906800000, "costAndExpenses": 1193600000, "interestIncome": 0, "interestExpense": 0, "depreciationAndAmortization": 75800000, "ebitda": 704800000, "ebitdaratio": 0.382336986, "operatingIncome": 649800000, "operatingIncomeRatio": 0.3525008137, "totalOtherIncomeExpensesNet": 20800000, "incomeBeforeTax": 670600000, "incomeBeforeTaxRatio": 0.3637843116, "incomeTaxExpense": 207900000, "netIncome": 462700000, "netIncomeRatio": 0.2510035803, "eps": 0.055, "epsdiluted": 0.055, "weightedAverageShsOut": 8412727273, "weightedAverageShsOutDil": 8412727273, "link": null, "finalLink": null, "calculatedOtherExpenses": 75800000, "calculatedOperatingExpenses": 906800000, "calculatedNetInterest": 0, "calculatedOtherIncome": 20800000, "calculatedIncomeNonControlling": 0, "calculatedEbitda": 725600000}, {"date": "1990-06-30", "symbol": "MSFT", "reportedCurrency": "USD", "cik": "0000789019", "fillingDate": "1990-06-30", "acceptedDate": "1990-06-30 00:00:00", "calendarYear": "1990", "period": "FY", "revenue": 1183400000, "costOfRevenue": 206400000, "grossProfit": 977000000, "grossProfitRatio": 0.8255872909, "researchAndDevelopmentExpenses": 0, "generalAndAdministrativeExpenses": 0, "sellingAndMarketingExpenses": 0, "sellingGeneralAndAdministrativeExpenses": 537500000, "otherExpenses": 0, "operatingExpenses": 583800000, "costAndExpenses": 790200000, "interestIncome": 0, "interestExpense": 0, "depreciationAndAmortization": 46300000, "ebitda": 422200000, "ebitdaratio": 0.3567686328, "operatingIncome": 393200000, "operatingIncomeRatio": 0.3322629711, "totalOtherIncomeExpensesNet": 17300000, "incomeBeforeTax": 410600000, "incomeBeforeTaxRatio": 0.3469663681, "incomeTaxExpense": 131400000, "netIncome": 279200000, "netIncomeRatio": 0.2359303701, "eps": 0.035, "epsdiluted": 0.035, "weightedAverageShsOut": 7977142857, "weightedAverageShsOutDil": 7977142857, "link": null, "finalLink": null, "calculatedOtherExpenses": 46300000, "calculatedOperatingExpenses": 583800000, "calculatedNetInterest": 0, "calculatedOtherIncome": 17400000, "calculatedIncomeNonControlling": 0, "calculatedEbitda": 439500000}, {"date": "1989-06-30", "symbol": "MSFT", "reportedCurrency": "USD", "cik": "0000789019", "fillingDate": "1989-06-30", "acceptedDate": "1989-06-30 00:00:00", "calendarYear": "1989", "period": "FY", "revenue": 803500000, "costOfRevenue": 180000000, "grossProfit": 623500000, "grossProfitRatio": 0.7759800871, "researchAndDevelopmentExpenses": 0, "generalAndAdministrativeExpenses": 0, "sellingAndMarketingExpenses": 0, "sellingGeneralAndAdministrativeExpenses": 357100000, "otherExpenses": 0, "operatingExpenses": 381300000, "costAndExpenses": 561300000, "interestIncome": 0, "interestExpense": 0, "depreciationAndAmortization": 24200000, "ebitda": 257800000, "ebitdaratio": 0.3208462974, "operatingIncome": 242200000, "operatingIncomeRatio": 0.3014312383, "totalOtherIncomeExpensesNet": 8600000, "incomeBeforeTax": 250800000, "incomeBeforeTaxRatio": 0.3121344119, "incomeTaxExpense": 80300000, "netIncome": 170500000, "netIncomeRatio": 0.2121966397, "eps": 0.025, "epsdiluted": 0.025, "weightedAverageShsOut": 6820000000, "weightedAverageShsOutDil": 6820000000, "link": null, "finalLink": null, "calculatedOtherExpenses": 24200000, "calculatedOperatingExpenses": 381300000, "calculatedNetInterest": 0, "calculatedOtherIncome": 8600000, "calculatedIncomeNonControlling": 0, "calculatedEbitda": 266400000}, {"date": "1988-06-30", "symbol": "MSFT", "reportedCurrency": "USD", "cik": "0000789019", "fillingDate": "1988-06-30", "acceptedDate": "1988-06-30 00:00:00", "calendarYear": "1988", "period": "FY", "revenue": 590800000, "costOfRevenue": 132000000, "grossProfit": 458800000, "grossProfitRatio": 0.7765741368, "researchAndDevelopmentExpenses": 0, "generalAndAdministrativeExpenses": 0, "sellingAndMarketingExpenses": 0, "sellingGeneralAndAdministrativeExpenses": 255400000, "otherExpenses": 0, "operatingExpenses": 271400000, "costAndExpenses": 403400000, "interestIncome": 0, "interestExpense": 0, "depreciationAndAmortization": 16000000, "ebitda": 207100000, "ebitdaratio": 0.3505416385, "operatingIncome": 187400000, "operatingIncomeRatio": 0.317197021, "totalOtherIncomeExpensesNet": -3700000, "incomeBeforeTax": 183700000, "incomeBeforeTaxRatio": 0.3109343263, "incomeTaxExpense": 59800000, "netIncome": 123900000, "netIncomeRatio": 0.2097156398, "eps": 0.02, "epsdiluted": 0.02, "weightedAverageShsOut": 6195000000, "weightedAverageShsOutDil": 6195000000, "link": null, "finalLink": null, "calculatedOtherExpenses": 16000000, "calculatedOperatingExpenses": 271400000, "calculatedNetInterest": 0, "calculatedOtherIncome": -3700000, "calculatedIncomeNonControlling": 0, "calculatedEbitda": 203400000}, {"date": "1987-06-30", "symbol": "MSFT", "reportedCurrency": "USD", "cik": "0000789019", "fillingDate": "1987-06-30", "acceptedDate": "1987-06-30 00:00:00", "calendarYear": "1987", "period": "FY", "revenue": 345900000, "costOfRevenue": 66300000, "grossProfit": 279600000, "grossProfitRatio": 0.8083261058, "researchAndDevelopmentExpenses": 0, "generalAndAdministrativeExpenses": 0, "sellingAndMarketingExpenses": 0, "sellingGeneralAndAdministrativeExpenses": 145100000, "otherExpenses": 0, "operatingExpenses": 152700000, "costAndExpenses": 219000000, "interestIncome": 0, "interestExpense": 0, "depreciationAndAmortization": 7600000, "ebitda": 140000000, "ebitdaratio": 0.4047412547, "operatingIncome": 126900000, "operatingIncomeRatio": 0.3668690373, "totalOtherIncomeExpensesNet": -5500000, "incomeBeforeTax": 121400000, "incomeBeforeTaxRatio": 0.350968488, "incomeTaxExpense": 49500000, "netIncome": 71900000, "netIncomeRatio": 0.2078635444, "eps": 0.01, "epsdiluted": 0.01, "weightedAverageShsOut": 7190000000, "weightedAverageShsOutDil": 7190000000, "link": null, "finalLink": null, "calculatedOtherExpenses": 7600000, "calculatedOperatingExpenses": 152700000, "calculatedNetInterest": 0, "calculatedOtherIncome": -5500000, "calculatedIncomeNonControlling": 0, "calculatedEbitda": 134500000}, {"date": "1986-06-30", "symbol": "MSFT", "reportedCurrency": "USD", "cik": "0000789019", "fillingDate": "1986-06-30", "acceptedDate": "1986-06-30 00:00:00", "calendarYear": "1986", "period": "FY", "revenue": 197500000, "costOfRevenue": 35100000, "grossProfit": 162400000, "grossProfitRatio": 0.822278481, "researchAndDevelopmentExpenses": 0, "generalAndAdministrativeExpenses": 0, "sellingAndMarketingExpenses": 0, "sellingGeneralAndAdministrativeExpenses": 95700000, "otherExpenses": 0, "operatingExpenses": 101500000, "costAndExpenses": 136600000, "interestIncome": 0, "interestExpense": 0, "depreciationAndAmortization": 5800000, "ebitda": 61600000, "ebitdaratio": 0.3118987342, "operatingIncome": 60900000, "operatingIncomeRatio": 0.3083544304, "totalOtherIncomeExpensesNet": 5100000, "incomeBeforeTax": 66000000, "incomeBeforeTaxRatio": 0.3341772152, "incomeTaxExpense": 26700000, "netIncome": 39300000, "netIncomeRatio": 0.1989873418, "eps": 0.01, "epsdiluted": 0.01, "weightedAverageShsOut": 7342400000, "weightedAverageShsOutDil": 7342400000, "link": null, "finalLink": null, "calculatedOtherExpenses": 5800000, "calculatedOperatingExpenses": 101500000, "calculatedNetInterest": 0, "calculatedOtherIncome": 5100000, "calculatedIncomeNonControlling": 0, "calculatedEbitda": 66700000}]}