{"originalCurrency": "USD", "convertedCurrency": "USD", "report": [{"date": "2023-12-31", "symbol": "VZ", "reportedCurrency": "USD", "cik": "0000732712", "fillingDate": "2024-02-09", "acceptedDate": "2024-02-09 10:51:34", "calendarYear": "2023", "period": "FY", "revenue": 133974000000, "costOfRevenue": 72511000000, "grossProfit": 61463000000, "grossProfitRatio": 0.4587681192, "researchAndDevelopmentExpenses": 0, "generalAndAdministrativeExpenses": 28785000000, "sellingAndMarketingExpenses": 3847000000, "sellingGeneralAndAdministrativeExpenses": 32632000000, "otherExpenses": -975000000, "operatingExpenses": 32632000000, "costAndExpenses": 105143000000, "interestIncome": 354000000, "interestExpense": 7343000000, "depreciationAndAmortization": 17624000000, "ebitda": 46455000000, "ebitdaratio": 0.3467463836, "operatingIncome": 28831000000, "operatingIncomeRatio": 0.2151984713, "totalOtherIncomeExpensesNet": -11844000000, "incomeBeforeTax": 16987000000, "incomeBeforeTaxRatio": 0.1267932584, "incomeTaxExpense": 4892000000, "netIncome": 11614000000, "netIncomeRatio": 0.0866884619, "eps": 2.76, "epsdiluted": 2.76, "weightedAverageShsOut": 4211000000, "weightedAverageShsOutDil": 4215000000, "link": "https://www.sec.gov/Archives/edgar/data/732712/000073271224000010/0000732712-24-000010-index.htm", "finalLink": "https://www.sec.gov/Archives/edgar/data/732712/000073271224000010/vz-20231231.htm", "calculatedOtherExpenses": 0, "calculatedOperatingExpenses": 32632000000, "calculatedNetInterest": -6989000000, "calculatedOtherIncome": -4855000000, "calculatedIncomeNonControlling": 481000000, "calculatedEbitda": 46455000000}, {"date": "2022-12-31", "symbol": "VZ", "reportedCurrency": "USD", "cik": "0000732712", "fillingDate": "2023-02-10", "acceptedDate": "2023-02-10 11:54:36", "calendarYear": "2022", "period": "FY", "revenue": 136835000000, "costOfRevenue": 76232000000, "grossProfit": 60603000000, "grossProfitRatio": 0.4428910732, "researchAndDevelopmentExpenses": 0, "generalAndAdministrativeExpenses": 26580000000, "sellingAndMarketingExpenses": 3556000000, "sellingGeneralAndAdministrativeExpenses": 30136000000, "otherExpenses": 17099000000, "operatingExpenses": 30136000000, "costAndExpenses": 106368000000, "interestIncome": 146000000, "interestExpense": 5612000000, "depreciationAndAmortization": 17099000000, "ebitda": 47566000000, "ebitdaratio": 0.3476157416, "operatingIncome": 30467000000, "operatingIncomeRatio": 0.2226550225, "totalOtherIncomeExpensesNet": -2196000000, "incomeBeforeTax": 28271000000, "incomeBeforeTaxRatio": 0.2066064969, "incomeTaxExpense": 6523000000, "netIncome": 21256000000, "netIncomeRatio": 0.1553403734, "eps": 5.06, "epsdiluted": 5.06, "weightedAverageShsOut": 4202000000, "weightedAverageShsOutDil": 4204000000, "link": "https://www.sec.gov/Archives/edgar/data/732712/000073271223000012/0000732712-23-000012-index.htm", "finalLink": "https://www.sec.gov/Archives/edgar/data/732712/000073271223000012/vz-20221231.htm", "calculatedOtherExpenses": 0, "calculatedOperatingExpenses": 30136000000, "calculatedNetInterest": -5466000000, "calculatedOtherIncome": 3270000000, "calculatedIncomeNonControlling": 492000000, "calculatedEbitda": 47566000000}, {"date": "2021-12-31", "symbol": "VZ", "reportedCurrency": "USD", "cik": "0000732712", "fillingDate": "2022-02-11", "acceptedDate": "2022-02-11 14:04:46", "calendarYear": "2021", "period": "FY", "revenue": 133613000000, "costOfRevenue": 56301000000, "grossProfit": 77312000000, "grossProfitRatio": 0.5786263313, "researchAndDevelopmentExpenses": 0, "generalAndAdministrativeExpenses": 25264000000, "sellingAndMarketingExpenses": 3394000000, "sellingGeneralAndAdministrativeExpenses": 28658000000, "otherExpenses": 16206000000, "operatingExpenses": 44864000000, "costAndExpenses": 101165000000, "interestIncome": 48000000, "interestExpense": 3485000000, "depreciationAndAmortization": 16206000000, "ebitda": 48171000000, "ebitdaratio": 0.3605262961, "operatingIncome": 31965000000, "operatingIncomeRatio": 0.2392357031, "totalOtherIncomeExpensesNet": -2545000000, "incomeBeforeTax": 29420000000, "incomeBeforeTaxRatio": 0.2201881553, "incomeTaxExpense": 6802000000, "netIncome": 22065000000, "netIncomeRatio": 0.1651411165, "eps": 5.32, "epsdiluted": 5.32, "weightedAverageShsOut": 4148000000, "weightedAverageShsOutDil": 4150000000, "link": "https://www.sec.gov/Archives/edgar/data/732712/000073271222000008/0000732712-22-000008-index.htm", "finalLink": "https://www.sec.gov/Archives/edgar/data/732712/000073271222000008/vz-20211231.htm", "calculatedOtherExpenses": 16689000000, "calculatedOperatingExpenses": 45347000000, "calculatedNetInterest": -3437000000, "calculatedOtherIncome": 892000000, "calculatedIncomeNonControlling": 553000000, "calculatedEbitda": 48171000000}, {"date": "2020-12-31", "symbol": "VZ", "reportedCurrency": "USD", "cik": "0000732712", "fillingDate": "2021-02-25", "acceptedDate": "2021-02-25 14:08:10", "calendarYear": "2020", "period": "FY", "revenue": 128292000000, "costOfRevenue": 51201000000, "grossProfit": 77091000000, "grossProfitRatio": 0.6009026284, "researchAndDevelopmentExpenses": 0, "generalAndAdministrativeExpenses": 28466000000, "sellingAndMarketingExpenses": 3107000000, "sellingGeneralAndAdministrativeExpenses": 31573000000, "otherExpenses": 16720000000, "operatingExpenses": 48293000000, "costAndExpenses": 99494000000, "interestIncome": 65000000, "interestExpense": 4247000000, "depreciationAndAmortization": 16136000000, "ebitda": 44934000000, "ebitdaratio": 0.350247872, "operatingIncome": 28798000000, "operatingIncomeRatio": 0.2244722976, "totalOtherIncomeExpensesNet": -4831000000, "incomeBeforeTax": 23967000000, "incomeBeforeTaxRatio": 0.1868160135, "incomeTaxExpense": 5619000000, "netIncome": 17801000000, "netIncomeRatio": 0.1387537804, "eps": 4.3, "epsdiluted": 4.3, "weightedAverageShsOut": 4140000000, "weightedAverageShsOutDil": 4142000000, "link": "https://www.sec.gov/Archives/edgar/data/732712/000073271221000012/0000732712-21-000012-index.htm", "finalLink": "https://www.sec.gov/Archives/edgar/data/732712/000073271221000012/vz-20201231.htm", "calculatedOtherExpenses": 16720000000, "calculatedOperatingExpenses": 48293000000, "calculatedNetInterest": -4182000000, "calculatedOtherIncome": -649000000, "calculatedIncomeNonControlling": 547000000, "calculatedEbitda": 44934000000}, {"date": "2019-12-31", "symbol": "VZ", "reportedCurrency": "USD", "cik": "0000732712", "fillingDate": "2020-02-21", "acceptedDate": "2020-02-21 11:20:18", "calendarYear": "2019", "period": "FY", "revenue": 131868000000, "costOfRevenue": 54726000000, "grossProfit": 77142000000, "grossProfitRatio": 0.584994085, "researchAndDevelopmentExpenses": 0, "generalAndAdministrativeExpenses": 26825000000, "sellingAndMarketingExpenses": 3071000000, "sellingGeneralAndAdministrativeExpenses": 29896000000, "otherExpenses": 16682000000, "operatingExpenses": 46578000000, "costAndExpenses": 101304000000, "interestIncome": 121000000, "interestExpense": 4730000000, "depreciationAndAmortization": 13953000000, "ebitda": 44331000000, "ebitdaratio": 0.3361770862, "operatingIncome": 30378000000, "operatingIncomeRatio": 0.2303667304, "totalOtherIncomeExpensesNet": -7645000000, "incomeBeforeTax": 22733000000, "incomeBeforeTaxRatio": 0.1723920891, "incomeTaxExpense": 2945000000, "netIncome": 19265000000, "netIncomeRatio": 0.1460930628, "eps": 4.66, "epsdiluted": 4.65, "weightedAverageShsOut": 4138000000, "weightedAverageShsOutDil": 4140000000, "link": "https://www.sec.gov/Archives/edgar/data/732712/000073271220000014/0000732712-20-000014-index.htm", "finalLink": "https://www.sec.gov/Archives/edgar/data/732712/000073271220000014/a2019q410-k.htm", "calculatedOtherExpenses": 16868000000, "calculatedOperatingExpenses": 46764000000, "calculatedNetInterest": -4609000000, "calculatedOtherIncome": -3036000000, "calculatedIncomeNonControlling": 523000000, "calculatedEbitda": 44331000000}, {"date": "2018-12-31", "symbol": "VZ", "reportedCurrency": "USD", "cik": "0000732712", "fillingDate": "2019-02-15", "acceptedDate": "2019-02-15 13:42:40", "calendarYear": "2018", "period": "FY", "revenue": 130863000000, "costOfRevenue": 55508000000, "grossProfit": 75355000000, "grossProfitRatio": 0.5758312128, "researchAndDevelopmentExpenses": 0, "generalAndAdministrativeExpenses": 31083000000, "sellingAndMarketingExpenses": 0, "sellingGeneralAndAdministrativeExpenses": 31083000000, "otherExpenses": 2364000000, "operatingExpenses": 48486000000, "costAndExpenses": 103994000000, "interestIncome": 94000000, "interestExpense": 4833000000, "depreciationAndAmortization": 17403000000, "ebitda": 46450000000, "ebitdaratio": 0.3549513613, "operatingIncome": 22278000000, "operatingIncomeRatio": 0.170239105, "totalOtherIncomeExpensesNet": -2413000000, "incomeBeforeTax": 19623000000, "incomeBeforeTaxRatio": 0.1499507118, "incomeTaxExpense": 3584000000, "netIncome": 15528000000, "netIncomeRatio": 0.1186584443, "eps": 3.76, "epsdiluted": 3.76, "weightedAverageShsOut": 4128000000, "weightedAverageShsOutDil": 4132000000, "link": "https://www.sec.gov/Archives/edgar/data/732712/000073271219000012/0000732712-19-000012-index.htm", "finalLink": "https://www.sec.gov/Archives/edgar/data/732712/000073271219000012/a2018q410-k.htm", "calculatedOtherExpenses": 21994000000, "calculatedOperatingExpenses": 53077000000, "calculatedNetInterest": -4739000000, "calculatedOtherIncome": 2084000000, "calculatedIncomeNonControlling": 511000000, "calculatedEbitda": 39681000000}, {"date": "2017-12-31", "symbol": "VZ", "reportedCurrency": "USD", "cik": "0000732712", "fillingDate": "2018-02-23", "acceptedDate": "2018-02-23 13:15:54", "calendarYear": "2017", "period": "FY", "revenue": 126034000000, "costOfRevenue": 51556000000, "grossProfit": 74478000000, "grossProfitRatio": 0.5909357792, "researchAndDevelopmentExpenses": 0, "generalAndAdministrativeExpenses": 28336000000, "sellingAndMarketingExpenses": 1774000000, "sellingGeneralAndAdministrativeExpenses": 30110000000, "otherExpenses": -2010000000, "operatingExpenses": 47064000000, "costAndExpenses": 98620000000, "interestIncome": 82000000, "interestExpense": 4733000000, "depreciationAndAmortization": 16954000000, "ebitda": 42281000000, "ebitdaratio": 0.3354729676, "operatingIncome": 27414000000, "operatingIncomeRatio": 0.2175127347, "totalOtherIncomeExpensesNet": -2087000000, "incomeBeforeTax": 20594000000, "incomeBeforeTaxRatio": 0.1634003523, "incomeTaxExpense": -9956000000, "netIncome": 30101000000, "netIncomeRatio": 0.2388323786, "eps": 7.37, "epsdiluted": 7.36, "weightedAverageShsOut": 4084000000, "weightedAverageShsOutDil": 4089000000, "link": "https://www.sec.gov/Archives/edgar/data/732712/000073271218000009/0000732712-18-000009-index.htm", "finalLink": "https://www.sec.gov/Archives/edgar/data/732712/000073271218000009/a201710-k.htm", "calculatedOtherExpenses": 16954000000, "calculatedOperatingExpenses": 47064000000, "calculatedNetInterest": -4651000000, "calculatedOtherIncome": -2169000000, "calculatedIncomeNonControlling": 449000000, "calculatedEbitda": 44368000000}, {"date": "2016-12-31", "symbol": "VZ", "reportedCurrency": "USD", "cik": "0000732712", "fillingDate": "2017-02-21", "acceptedDate": "2017-02-21 15:21:12", "calendarYear": "2016", "period": "FY", "revenue": 125980000000, "costOfRevenue": 51424000000, "grossProfit": 74556000000, "grossProfitRatio": 0.5918082235, "researchAndDevelopmentExpenses": 0, "generalAndAdministrativeExpenses": 31569000000, "sellingAndMarketingExpenses": 0, "sellingGeneralAndAdministrativeExpenses": 31569000000, "otherExpenses": -1599000000, "operatingExpenses": 47497000000, "costAndExpenses": 98921000000, "interestIncome": 59000000, "interestExpense": 4376000000, "depreciationAndAmortization": 15928000000, "ebitda": 41290000000, "ebitdaratio": 0.3277504366, "operatingIncome": 27059000000, "operatingIncomeRatio": 0.2147880616, "totalOtherIncomeExpensesNet": -1697000000, "incomeBeforeTax": 20986000000, "incomeBeforeTaxRatio": 0.1665819971, "incomeTaxExpense": 7378000000, "netIncome": 13127000000, "netIncomeRatio": 0.1041990792, "eps": 3.22, "epsdiluted": 3.21, "weightedAverageShsOut": 4080000000, "weightedAverageShsOutDil": 4086000000, "link": "https://www.sec.gov/Archives/edgar/data/732712/000119312517050292/0001193125-17-050292-index.htm", "finalLink": "https://www.sec.gov/Archives/edgar/data/732712/000119312517050292/d296602d10k.htm", "calculatedOtherExpenses": 15928000000, "calculatedOperatingExpenses": 47497000000, "calculatedNetInterest": -4317000000, "calculatedOtherIncome": -1756000000, "calculatedIncomeNonControlling": 481000000, "calculatedEbitda": 42987000000}, {"date": "2015-12-31", "symbol": "VZ", "reportedCurrency": "USD", "cik": "0000732712", "fillingDate": "2016-02-23", "acceptedDate": "2016-02-23 15:09:48", "calendarYear": "2015", "period": "FY", "revenue": 131620000000, "costOfRevenue": 52557000000, "grossProfit": 79063000000, "grossProfitRatio": 0.6006913843, "researchAndDevelopmentExpenses": 0, "generalAndAdministrativeExpenses": 29986000000, "sellingAndMarketingExpenses": 0, "sellingGeneralAndAdministrativeExpenses": 29986000000, "otherExpenses": 186000000, "operatingExpenses": 46003000000, "costAndExpenses": 98560000000, "interestIncome": 115000000, "interestExpense": 4920000000, "depreciationAndAmortization": 16017000000, "ebitda": 49177000000, "ebitdaratio": 0.3736286279, "operatingIncome": 33060000000, "operatingIncomeRatio": 0.2511776326, "totalOtherIncomeExpensesNet": 100000000, "incomeBeforeTax": 28240000000, "incomeBeforeTaxRatio": 0.2145570582, "incomeTaxExpense": 9865000000, "netIncome": 17879000000, "netIncomeRatio": 0.1358380185, "eps": 4.38, "epsdiluted": 4.37, "weightedAverageShsOut": 4085000000, "weightedAverageShsOutDil": 4093000000, "link": "https://www.sec.gov/Archives/edgar/data/732712/000119312516473367/0001193125-16-473367-index.htm", "finalLink": "https://www.sec.gov/Archives/edgar/data/732712/000119312516473367/d35513d10k.htm", "calculatedOtherExpenses": 16017000000, "calculatedOperatingExpenses": 46003000000, "calculatedNetInterest": -4805000000, "calculatedOtherIncome": -15000000, "calculatedIncomeNonControlling": 496000000, "calculatedEbitda": 49077000000}, {"date": "2014-12-31", "symbol": "VZ", "reportedCurrency": "USD", "cik": "0000732712", "fillingDate": "2015-02-23", "acceptedDate": "2015-02-23 13:10:04", "calendarYear": "2014", "period": "FY", "revenue": 127079000000, "costOfRevenue": 49931000000, "grossProfit": 77148000000, "grossProfitRatio": 0.6070869302, "researchAndDevelopmentExpenses": 0, "generalAndAdministrativeExpenses": 41016000000, "sellingAndMarketingExpenses": 0, "sellingGeneralAndAdministrativeExpenses": 41016000000, "otherExpenses": -1194000000, "operatingExpenses": 57549000000, "costAndExpenses": 107480000000, "interestIncome": 108000000, "interestExpense": 4915000000, "depreciationAndAmortization": 16533000000, "ebitda": 36718000000, "ebitdaratio": 0.2889383769, "operatingIncome": 19599000000, "operatingIncomeRatio": 0.1542268982, "totalOtherIncomeExpensesNet": 586000000, "incomeBeforeTax": 15270000000, "incomeBeforeTaxRatio": 0.1201614744, "incomeTaxExpense": 3314000000, "netIncome": 9625000000, "netIncomeRatio": 0.0757402875, "eps": 2.42, "epsdiluted": 2.42, "weightedAverageShsOut": 3974000000, "weightedAverageShsOutDil": 3981000000, "link": "https://www.sec.gov/Archives/edgar/data/732712/000119312515057710/0001193125-15-057710-index.htm", "finalLink": "https://www.sec.gov/Archives/edgar/data/732712/000119312515057710/d820819d10k.htm", "calculatedOtherExpenses": 16533000000, "calculatedOperatingExpenses": 57549000000, "calculatedNetInterest": -4807000000, "calculatedOtherIncome": 478000000, "calculatedIncomeNonControlling": 2331000000, "calculatedEbitda": 36132000000}, {"date": "2013-12-31", "symbol": "VZ", "reportedCurrency": "USD", "cik": "0000732712", "fillingDate": "2014-02-27", "acceptedDate": "2014-02-27 16:47:50", "calendarYear": "2013", "period": "FY", "revenue": 120550000000, "costOfRevenue": 44887000000, "grossProfit": 75663000000, "grossProfitRatio": 0.6276482787, "researchAndDevelopmentExpenses": 0, "generalAndAdministrativeExpenses": 27089000000, "sellingAndMarketingExpenses": 0, "sellingGeneralAndAdministrativeExpenses": 27089000000, "otherExpenses": -166000000, "operatingExpenses": 43695000000, "costAndExpenses": 88582000000, "interestIncome": 64000000, "interestExpense": 2667000000, "depreciationAndAmortization": 16606000000, "ebitda": 48550000000, "ebitdaratio": 0.4027374533, "operatingIncome": 31968000000, "operatingIncomeRatio": 0.2651845707, "totalOtherIncomeExpensesNet": -24000000, "incomeBeforeTax": 29277000000, "incomeBeforeTaxRatio": 0.242861883, "incomeTaxExpense": 5730000000, "netIncome": 11497000000, "netIncomeRatio": 0.0953712153, "eps": 4.01, "epsdiluted": 4, "weightedAverageShsOut": 2866000000, "weightedAverageShsOutDil": 2874000000, "link": "https://www.sec.gov/Archives/edgar/data/732712/000119312514073266/0001193125-14-073266-index.htm", "finalLink": "https://www.sec.gov/Archives/edgar/data/732712/000119312514073266/d622994d10k.htm", "calculatedOtherExpenses": 16606000000, "calculatedOperatingExpenses": 43695000000, "calculatedNetInterest": -2603000000, "calculatedOtherIncome": -88000000, "calculatedIncomeNonControlling": 12050000000, "calculatedEbitda": 48574000000}, {"date": "2012-12-31", "symbol": "VZ", "reportedCurrency": "USD", "cik": "0000732712", "fillingDate": "2013-02-26", "acceptedDate": "2013-02-26 10:36:58", "calendarYear": "2012", "period": "FY", "revenue": 115846000000, "costOfRevenue": 46275000000, "grossProfit": 69571000000, "grossProfitRatio": 0.6005472783, "researchAndDevelopmentExpenses": 0, "generalAndAdministrativeExpenses": 39951000000, "sellingAndMarketingExpenses": 0, "sellingGeneralAndAdministrativeExpenses": 39951000000, "otherExpenses": -1016000000, "operatingExpenses": 56411000000, "costAndExpenses": 102686000000, "interestIncome": 57000000, "interestExpense": 2571000000, "depreciationAndAmortization": 16460000000, "ebitda": 28928000000, "ebitdaratio": 0.249710823, "operatingIncome": 13160000000, "operatingIncomeRatio": 0.1135990884, "totalOtherIncomeExpensesNet": -692000000, "incomeBeforeTax": 9897000000, "incomeBeforeTaxRatio": 0.0854323844, "incomeTaxExpense": -660000000, "netIncome": 875000000, "netIncomeRatio": 0.0075531309, "eps": 0.31, "epsdiluted": 0.31, "weightedAverageShsOut": 2853000000, "weightedAverageShsOutDil": 2862000000, "link": "https://www.sec.gov/Archives/edgar/data/732712/000119312513075713/0001193125-13-075713-index.htm", "finalLink": "https://www.sec.gov/Archives/edgar/data/732712/000119312513075713/d441535d10k.htm", "calculatedOtherExpenses": 16460000000, "calculatedOperatingExpenses": 56411000000, "calculatedNetInterest": -2514000000, "calculatedOtherIncome": -749000000, "calculatedIncomeNonControlling": 9682000000, "calculatedEbitda": 29620000000}, {"date": "2011-12-31", "symbol": "VZ", "reportedCurrency": "USD", "cik": "0000732712", "fillingDate": "2012-02-24", "acceptedDate": "2012-02-24 15:10:22", "calendarYear": "2011", "period": "FY", "revenue": 110875000000, "costOfRevenue": 45875000000, "grossProfit": 65000000000, "grossProfitRatio": 0.5862457723, "researchAndDevelopmentExpenses": 0, "generalAndAdministrativeExpenses": 35624000000, "sellingAndMarketingExpenses": 0, "sellingGeneralAndAdministrativeExpenses": 35624000000, "otherExpenses": -14000000, "operatingExpenses": 52120000000, "costAndExpenses": 97995000000, "interestIncome": 68000000, "interestExpense": 2827000000, "depreciationAndAmortization": 16496000000, "ebitda": 29806000000, "ebitdaratio": 0.2688252537, "operatingIncome": 12880000000, "operatingIncomeRatio": 0.1161668546, "totalOtherIncomeExpensesNet": 430000000, "incomeBeforeTax": 10483000000, "incomeBeforeTaxRatio": 0.0945479143, "incomeTaxExpense": 285000000, "netIncome": 2404000000, "netIncomeRatio": 0.0216820744, "eps": 0.85, "epsdiluted": 0.85, "weightedAverageShsOut": 2833000000, "weightedAverageShsOutDil": 2839000000, "link": "https://www.sec.gov/Archives/edgar/data/732712/000119312512077846/0001193125-12-077846-index.htm", "finalLink": "https://www.sec.gov/Archives/edgar/data/732712/000119312512077846/d257450d10k.htm", "calculatedOtherExpenses": 16496000000, "calculatedOperatingExpenses": 52120000000, "calculatedNetInterest": -2759000000, "calculatedOtherIncome": 362000000, "calculatedIncomeNonControlling": 7794000000, "calculatedEbitda": 29376000000}, {"date": "2010-12-31", "symbol": "VZ", "reportedCurrency": "USD", "cik": "0000732712", "fillingDate": "2011-02-28", "acceptedDate": "2011-02-28 14:32:38", "calendarYear": "2010", "period": "FY", "revenue": 106565000000, "costOfRevenue": 44149000000, "grossProfit": 62416000000, "grossProfitRatio": 0.5857082532, "researchAndDevelopmentExpenses": 0, "generalAndAdministrativeExpenses": 31366000000, "sellingAndMarketingExpenses": 0, "sellingGeneralAndAdministrativeExpenses": 31366000000, "otherExpenses": 54000000, "operatingExpenses": 47771000000, "costAndExpenses": 91920000000, "interestIncome": 0, "interestExpense": 2523000000, "depreciationAndAmortization": 16405000000, "ebitda": 31558000000, "ebitdaratio": 0.296138507, "operatingIncome": 14645000000, "operatingIncomeRatio": 0.1374278609, "totalOtherIncomeExpensesNet": 562000000, "incomeBeforeTax": 12684000000, "incomeBeforeTaxRatio": 0.1190259466, "incomeTaxExpense": 2467000000, "netIncome": 2549000000, "netIncomeRatio": 0.0239196734, "eps": 0.9, "epsdiluted": 0.9, "weightedAverageShsOut": 2830000000, "weightedAverageShsOutDil": 2833000000, "link": "https://www.sec.gov/Archives/edgar/data/732712/000119312511049476/0001193125-11-049476-index.htm", "finalLink": "https://www.sec.gov/Archives/edgar/data/732712/000119312511049476/d10k.htm", "calculatedOtherExpenses": 16405000000, "calculatedOperatingExpenses": 47771000000, "calculatedNetInterest": -2523000000, "calculatedOtherIncome": 562000000, "calculatedIncomeNonControlling": 7668000000, "calculatedEbitda": 31050000000}, {"date": "2009-12-31", "symbol": "VZ", "reportedCurrency": "USD", "cik": "0000732712", "fillingDate": "2010-02-26", "acceptedDate": "2010-02-26 08:02:44", "calendarYear": "2009", "period": "FY", "revenue": 107808000000, "costOfRevenue": 44299000000, "grossProfit": 63509000000, "grossProfitRatio": 0.5890935738, "researchAndDevelopmentExpenses": 0, "generalAndAdministrativeExpenses": 32950000000, "sellingAndMarketingExpenses": 0, "sellingGeneralAndAdministrativeExpenses": 32950000000, "otherExpenses": 16532000000, "operatingExpenses": 49482000000, "costAndExpenses": 93781000000, "interestIncome": 75000000, "interestExpense": 3102000000, "depreciationAndAmortization": 16532000000, "ebitda": 31112000000, "ebitdaratio": 0.2885871178, "operatingIncome": 14027000000, "operatingIncomeRatio": 0.130110938, "totalOtherIncomeExpensesNet": 643000000, "incomeBeforeTax": 11568000000, "incomeBeforeTaxRatio": 0.10730187, "incomeTaxExpense": 1210000000, "netIncome": 3651000000, "netIncomeRatio": 0.0338657614, "eps": 1.29, "epsdiluted": 1.29, "weightedAverageShsOut": 2841000000, "weightedAverageShsOutDil": 2841000000, "link": "https://www.sec.gov/Archives/edgar/data/732712/000119312510041685/0001193125-10-041685-index.htm", "finalLink": "https://www.sec.gov/Archives/edgar/data/732712/000119312510041685/d10k.htm", "calculatedOtherExpenses": 16532000000, "calculatedOperatingExpenses": 49482000000, "calculatedNetInterest": -3027000000, "calculatedOtherIncome": 568000000, "calculatedIncomeNonControlling": 6707000000, "calculatedEbitda": 30559000000}, {"date": "2008-12-31", "symbol": "VZ", "reportedCurrency": "USD", "cik": "0000732712", "fillingDate": "2009-02-24", "acceptedDate": "2009-02-24 17:25:09", "calendarYear": "2008", "period": "FY", "revenue": 97354000000, "costOfRevenue": 39007000000, "grossProfit": 58347000000, "grossProfitRatio": 0.5993282248, "researchAndDevelopmentExpenses": 0, "generalAndAdministrativeExpenses": 26898000000, "sellingAndMarketingExpenses": 0, "sellingGeneralAndAdministrativeExpenses": 26898000000, "otherExpenses": 14565000000, "operatingExpenses": 41463000000, "costAndExpenses": 80470000000, "interestIncome": 362000000, "interestExpense": 1819000000, "depreciationAndAmortization": 14565000000, "ebitda": 25861000000, "ebitdaratio": 0.2656388027, "operatingIncome": 16884000000, "operatingIncomeRatio": 0.1734289295, "totalOtherIncomeExpensesNet": 282000000, "incomeBeforeTax": 9759000000, "incomeBeforeTaxRatio": 0.1002424143, "incomeTaxExpense": 3331000000, "netIncome": 6428000000, "netIncomeRatio": 0.0660270764, "eps": 2.26, "epsdiluted": 2.26, "weightedAverageShsOut": 2849000000, "weightedAverageShsOutDil": 2850000000, "link": "https://www.sec.gov/Archives/edgar/data/732712/000119312509036349/0001193125-09-036349-index.htm", "finalLink": "https://www.sec.gov/Archives/edgar/data/732712/000119312509036349/d10k.htm", "calculatedOtherExpenses": 14565000000, "calculatedOperatingExpenses": 41463000000, "calculatedNetInterest": -1457000000, "calculatedOtherIncome": -5668000000, "calculatedIncomeNonControlling": 0, "calculatedEbitda": 31449000000}, {"date": "2007-12-31", "symbol": "VZ", "reportedCurrency": "USD", "cik": "0000732712", "fillingDate": "2008-02-28", "acceptedDate": "2008-02-28 17:18:10", "calendarYear": "2007", "period": "FY", "revenue": 93469000000, "costOfRevenue": 37547000000, "grossProfit": 55922000000, "grossProfitRatio": 0.5982946217, "researchAndDevelopmentExpenses": 0, "generalAndAdministrativeExpenses": 25967000000, "sellingAndMarketingExpenses": 0, "sellingGeneralAndAdministrativeExpenses": 25967000000, "otherExpenses": 14377000000, "operatingExpenses": 40344000000, "costAndExpenses": 77891000000, "interestIncome": 168000000, "interestExpense": 1829000000, "depreciationAndAmortization": 14377000000, "ebitda": 30708000000, "ebitdaratio": 0.3285367341, "operatingIncome": 15578000000, "operatingIncomeRatio": 0.1666648835, "totalOtherIncomeExpensesNet": 628000000, "incomeBeforeTax": 14545000000, "incomeBeforeTaxRatio": 0.155613091, "incomeTaxExpense": 3982000000, "netIncome": 5521000000, "netIncomeRatio": 0.0590677123, "eps": 1.91, "epsdiluted": 1.9, "weightedAverageShsOut": 2898000000, "weightedAverageShsOutDil": 2902000000, "link": "https://www.sec.gov/Archives/edgar/data/732712/000119312508042027/0001193125-08-042027-index.htm", "finalLink": "https://www.sec.gov/Archives/edgar/data/732712/000119312508042027/d10k.htm", "calculatedOtherExpenses": 14377000000, "calculatedOperatingExpenses": 40344000000, "calculatedNetInterest": -1661000000, "calculatedOtherIncome": 628000000, "calculatedIncomeNonControlling": 5042000000, "calculatedEbitda": 29955000000}, {"date": "2006-12-31", "symbol": "VZ", "reportedCurrency": "USD", "cik": "0000732712", "fillingDate": "2007-03-01", "acceptedDate": "2007-03-01 14:23:33", "calendarYear": "2006", "period": "FY", "revenue": 88144000000, "costOfRevenue": 34994000000, "grossProfit": 53150000000, "grossProfitRatio": 0.6029905609, "researchAndDevelopmentExpenses": 0, "generalAndAdministrativeExpenses": 25232000000, "sellingAndMarketingExpenses": 0, "sellingGeneralAndAdministrativeExpenses": 25232000000, "otherExpenses": 14545000000, "operatingExpenses": 39777000000, "costAndExpenses": 74771000000, "interestIncome": 201000000, "interestExpense": 2349000000, "depreciationAndAmortization": 14545000000, "ebitda": 28892000000, "ebitdaratio": 0.3277818116, "operatingIncome": 13373000000, "operatingIncomeRatio": 0.1517176439, "totalOtherIncomeExpensesNet": 967000000, "incomeBeforeTax": 12192000000, "incomeBeforeTaxRatio": 0.1383191142, "incomeTaxExpense": 2674000000, "netIncome": 6197000000, "netIncomeRatio": 0.0703054093, "eps": 2.13, "epsdiluted": 2.12, "weightedAverageShsOut": 2912000000, "weightedAverageShsOutDil": 2938000000, "link": "https://www.sec.gov/Archives/edgar/data/732712/000119312507044126/0001193125-07-044126-index.htm", "finalLink": "https://www.sec.gov/Archives/edgar/data/732712/000119312507044126/d10k.htm", "calculatedOtherExpenses": 14545000000, "calculatedOperatingExpenses": 39777000000, "calculatedNetInterest": -2148000000, "calculatedOtherIncome": 967000000, "calculatedIncomeNonControlling": 3321000000, "calculatedEbitda": 27918000000}, {"date": "2005-12-31", "symbol": "VZ", "reportedCurrency": "USD", "cik": "0000732712", "fillingDate": "2006-03-14", "acceptedDate": "2006-03-14 16:16:16", "calendarYear": "2005", "period": "FY", "revenue": 75112000000, "costOfRevenue": 25469000000, "grossProfit": 49643000000, "grossProfitRatio": 0.6609196933, "researchAndDevelopmentExpenses": 0, "generalAndAdministrativeExpenses": 21312000000, "sellingAndMarketingExpenses": 0, "sellingGeneralAndAdministrativeExpenses": 21312000000, "otherExpenses": 14047000000, "operatingExpenses": 35359000000, "costAndExpenses": 60828000000, "interestIncome": 120000000, "interestExpense": 2180000000, "depreciationAndAmortization": 14047000000, "ebitda": 29232000000, "ebitdaratio": 0.3891788263, "operatingIncome": 14814000000, "operatingIncomeRatio": 0.1972254766, "totalOtherIncomeExpensesNet": 1428000000, "incomeBeforeTax": 13652000000, "incomeBeforeTaxRatio": 0.1817552455, "incomeTaxExpense": 3210000000, "netIncome": 7397000000, "netIncomeRatio": 0.0984796038, "eps": 2.67, "epsdiluted": 2.65, "weightedAverageShsOut": 2766000000, "weightedAverageShsOutDil": 2817000000, "link": "https://www.sec.gov/Archives/edgar/data/732712/000119312506053710/0001193125-06-053710-index.htm", "finalLink": "https://www.sec.gov/Archives/edgar/data/732712/000119312506053710/d10k.htm", "calculatedOtherExpenses": 13517000000, "calculatedOperatingExpenses": 34829000000, "calculatedNetInterest": -2060000000, "calculatedOtherIncome": 898000000, "calculatedIncomeNonControlling": 3045000000, "calculatedEbitda": 28861000000}, {"date": "2004-12-31", "symbol": "VZ", "reportedCurrency": "USD", "cik": "0000732712", "fillingDate": "2005-03-14", "acceptedDate": "2005-03-14 12:13:00", "calendarYear": "2004", "period": "FY", "revenue": 71283000000, "costOfRevenue": 23168000000, "grossProfit": 48115000000, "grossProfitRatio": 0.6749856207, "researchAndDevelopmentExpenses": 0, "generalAndAdministrativeExpenses": 21088000000, "sellingAndMarketingExpenses": 0, "sellingGeneralAndAdministrativeExpenses": 21088000000, "otherExpenses": 13910000000, "operatingExpenses": 34998000000, "costAndExpenses": 58166000000, "interestIncome": 116000000, "interestExpense": 2384000000, "depreciationAndAmortization": 13910000000, "ebitda": 28909000000, "ebitdaratio": 0.405552516, "operatingIncome": 13117000000, "operatingIncomeRatio": 0.1840130185, "totalOtherIncomeExpensesNet": 1672000000, "incomeBeforeTax": 12521000000, "incomeBeforeTaxRatio": 0.1756519787, "incomeTaxExpense": 2851000000, "netIncome": 7831000000, "netIncomeRatio": 0.1098578904, "eps": 2.83, "epsdiluted": 2.79, "weightedAverageShsOut": 2770000000, "weightedAverageShsOutDil": 2831000000, "link": "https://www.sec.gov/Archives/edgar/data/732712/000119312505049044/0001193125-05-049044-index.htm", "finalLink": "https://www.sec.gov/Archives/edgar/data/732712/000119312505049044/d10k.htm", "calculatedOtherExpenses": 13910000000, "calculatedOperatingExpenses": 34998000000, "calculatedNetInterest": -2268000000, "calculatedOtherIncome": 1672000000, "calculatedIncomeNonControlling": 1839000000, "calculatedEbitda": 27027000000}, {"date": "2003-12-31", "symbol": "VZ", "reportedCurrency": "USD", "cik": "0000732712", "fillingDate": "2004-03-12", "acceptedDate": "2004-03-12 14:13:48", "calendarYear": "2003", "period": "FY", "revenue": 67752000000, "costOfRevenue": 21783000000, "grossProfit": 45969000000, "grossProfitRatio": 0.6784891959, "researchAndDevelopmentExpenses": 0, "generalAndAdministrativeExpenses": 24999000000, "sellingAndMarketingExpenses": 0, "sellingGeneralAndAdministrativeExpenses": 24999000000, "otherExpenses": 13617000000, "operatingExpenses": 38616000000, "costAndExpenses": 60399000000, "interestIncome": 96000000, "interestExpense": 2797000000, "depreciationAndAmortization": 13617000000, "ebitda": 22675000000, "ebitdaratio": 0.3346764671, "operatingIncome": 7494000000, "operatingIncomeRatio": 0.1106092809, "totalOtherIncomeExpensesNet": 1692000000, "incomeBeforeTax": 6344000000, "incomeBeforeTaxRatio": 0.0936356122, "incomeTaxExpense": 1252000000, "netIncome": 3077000000, "netIncomeRatio": 0.0454156335, "eps": 1.12, "epsdiluted": 1.12, "weightedAverageShsOut": 2756000000, "weightedAverageShsOutDil": 2832000000, "link": "https://www.sec.gov/Archives/edgar/data/732712/000119312504040305/0001193125-04-040305-index.htm", "finalLink": "https://www.sec.gov/Archives/edgar/data/732712/000119312504040305/d10k.htm", "calculatedOtherExpenses": 13476000000, "calculatedOperatingExpenses": 38475000000, "calculatedNetInterest": -2701000000, "calculatedOtherIncome": 1551000000, "calculatedIncomeNonControlling": 2015000000, "calculatedEbitda": 21111000000}, {"date": "2002-12-31", "symbol": "VZ", "reportedCurrency": "USD", "cik": "0000732712", "fillingDate": "2003-03-14", "acceptedDate": "2003-03-14 14:12:02", "calendarYear": "2002", "period": "FY", "revenue": 67625000000, "costOfRevenue": 41952000000, "grossProfit": 25673000000, "grossProfitRatio": 0.3796377079, "researchAndDevelopmentExpenses": 0, "generalAndAdministrativeExpenses": 0, "sellingAndMarketingExpenses": 0, "sellingGeneralAndAdministrativeExpenses": 0, "otherExpenses": 10676000000, "operatingExpenses": 10676000000, "costAndExpenses": 52628000000, "interestIncome": 0, "interestExpense": 0, "depreciationAndAmortization": 13423000000, "ebitda": 25734000000, "ebitdaratio": 0.3805397412, "operatingIncome": 14997000000, "operatingIncomeRatio": 0.221767098, "totalOtherIncomeExpensesNet": -1728000000, "incomeBeforeTax": 6202000000, "incomeBeforeTaxRatio": 0.0917116451, "incomeTaxExpense": 1618000000, "netIncome": 4079000000, "netIncomeRatio": 0.0603179298, "eps": 1.49, "epsdiluted": 1.49, "weightedAverageShsOut": 2729000000, "weightedAverageShsOutDil": 2789000000, "link": "https://www.sec.gov/Archives/edgar/data/732712/000095013403003953/0000950134-03-003953-index.htm", "finalLink": "https://www.sec.gov/Archives/edgar/data/732712/000095013403003953/d03879e10vk.htm", "calculatedOtherExpenses": 10676000000, "calculatedOperatingExpenses": 10676000000, "calculatedNetInterest": 0, "calculatedOtherIncome": -8795000000, "calculatedIncomeNonControlling": 505000000, "calculatedEbitda": 28420000000}, {"date": "2001-12-31", "symbol": "VZ", "reportedCurrency": "USD", "cik": "0000732712", "fillingDate": "2002-03-20", "acceptedDate": "2002-03-20 00:00:00", "calendarYear": "2001", "period": "FY", "revenue": 67190000000, "costOfRevenue": 41651000000, "grossProfit": 25539000000, "grossProfitRatio": 0.3801012055, "researchAndDevelopmentExpenses": 0, "generalAndAdministrativeExpenses": 0, "sellingAndMarketingExpenses": 0, "sellingGeneralAndAdministrativeExpenses": 0, "otherExpenses": 14007000000, "operatingExpenses": 14007000000, "costAndExpenses": 55658000000, "interestIncome": 0, "interestExpense": 0, "depreciationAndAmortization": 13657000000, "ebitda": 25655000000, "ebitdaratio": 0.3818276529, "operatingIncome": 11532000000, "operatingIncomeRatio": 0.1716326834, "totalOtherIncomeExpensesNet": -5508000000, "incomeBeforeTax": 2766000000, "incomeBeforeTaxRatio": 0.0411668403, "incomeTaxExpense": 2176000000, "netIncome": 389000000, "netIncomeRatio": 0.005789552, "eps": 0.14, "epsdiluted": 0.14, "weightedAverageShsOut": 2710000000, "weightedAverageShsOutDil": 2730000000, "link": "https://www.sec.gov/Archives/edgar/data/732712/000095010902001438/0000950109-02-001438-index.htm", "finalLink": "https://www.sec.gov/Archives/edgar/data/732712/000095010902001438/d10k.txt", "calculatedOtherExpenses": 14007000000, "calculatedOperatingExpenses": 14007000000, "calculatedNetInterest": 0, "calculatedOtherIncome": -8766000000, "calculatedIncomeNonControlling": 201000000, "calculatedEbitda": 25189000000}, {"date": "2000-12-31", "symbol": "VZ", "reportedCurrency": "USD", "cik": "0000732712", "fillingDate": "2001-03-23", "acceptedDate": "2001-03-23 00:00:00", "calendarYear": "2000", "period": "FY", "revenue": 64707000000, "costOfRevenue": 39481000000, "grossProfit": 25226000000, "grossProfitRatio": 0.3898496299, "researchAndDevelopmentExpenses": 0, "generalAndAdministrativeExpenses": 0, "sellingAndMarketingExpenses": 0, "sellingGeneralAndAdministrativeExpenses": 0, "otherExpenses": 12261000000, "operatingExpenses": 12261000000, "costAndExpenses": 51742000000, "interestIncome": 0, "interestExpense": 0, "depreciationAndAmortization": 12261000000, "ebitda": 16947000000, "ebitdaratio": 0.261903658, "operatingIncome": 12965000000, "operatingIncomeRatio": 0.200364721, "totalOtherIncomeExpensesNet": 8279000000, "incomeBeforeTax": 17819000000, "incomeBeforeTaxRatio": 0.2753797889, "incomeTaxExpense": 7009000000, "netIncome": 11797000000, "netIncomeRatio": 0.1823141237, "eps": 4.34, "epsdiluted": 4.31, "weightedAverageShsOut": 2715898618, "weightedAverageShsOutDil": 2734802784, "link": "https://www.sec.gov/Archives/edgar/data/732712/000095010901000760/0000950109-01-000760-index.htm", "finalLink": "https://www.sec.gov/Archives/edgar/data/732712/000095010901000760/0000950109-01-000760-0001.txt", "calculatedOtherExpenses": 12261000000, "calculatedOperatingExpenses": 12261000000, "calculatedNetInterest": 0, "calculatedOtherIncome": 4854000000, "calculatedIncomeNonControlling": -987000000, "calculatedEbitda": 25226000000}, {"date": "1999-12-31", "symbol": "VZ", "reportedCurrency": "USD", "cik": "0000732712", "fillingDate": "2000-03-30", "acceptedDate": "2000-03-30 00:00:00", "calendarYear": "1999", "period": "FY", "revenue": 33174000000, "costOfRevenue": 10217000000, "grossProfit": 22957000000, "grossProfitRatio": 0.6920178453, "researchAndDevelopmentExpenses": 0, "generalAndAdministrativeExpenses": 8241000000, "sellingAndMarketingExpenses": 0, "sellingGeneralAndAdministrativeExpenses": 8241000000, "otherExpenses": 6221000000, "operatingExpenses": 14462000000, "costAndExpenses": 24679000000, "interestIncome": 0, "interestExpense": 0, "depreciationAndAmortization": 6070000000, "ebitda": 15134000000, "ebitdaratio": 0.4562006391, "operatingIncome": 8495000000, "operatingIncomeRatio": 0.2560740339, "totalOtherIncomeExpensesNet": -418000000, "incomeBeforeTax": 6765000000, "incomeBeforeTaxRatio": 0.2039247604, "incomeTaxExpense": 2557000000, "netIncome": 4202000000, "netIncomeRatio": 0.1266654609, "eps": 3.02, "epsdiluted": 2.97, "weightedAverageShsOut": 2739000000, "weightedAverageShsOutDil": 2777000000, "link": "https://www.sec.gov/Archives/edgar/data/732712/000095010900001253/0000950109-00-001253-index.htm", "finalLink": "https://www.sec.gov/Archives/edgar/data/732712/000095010900001253/", "calculatedOtherExpenses": 6221000000, "calculatedOperatingExpenses": 14462000000, "calculatedNetInterest": 0, "calculatedOtherIncome": -1730000000, "calculatedIncomeNonControlling": 6000000, "calculatedEbitda": 14565000000}, {"date": "1998-12-31", "symbol": "VZ", "reportedCurrency": "USD", "cik": "0000732712", "fillingDate": "1999-03-30", "acceptedDate": "1999-03-30 00:00:00", "calendarYear": "1998", "period": "FY", "revenue": 31565900000, "costOfRevenue": 9386000000, "grossProfit": 22179900000, "grossProfitRatio": 0.7026538131, "researchAndDevelopmentExpenses": 0, "generalAndAdministrativeExpenses": 9802700000, "sellingAndMarketingExpenses": 0, "sellingGeneralAndAdministrativeExpenses": 9802700000, "otherExpenses": 5750000000, "operatingExpenses": 15552700000, "costAndExpenses": 24938700000, "interestIncome": 0, "interestExpense": 0, "depreciationAndAmortization": 5750000000, "ebitda": 12670100000, "ebitdaratio": 0.4013856725, "operatingIncome": 6627200000, "operatingIncomeRatio": 0.2099480769, "totalOtherIncomeExpensesNet": -292900000, "incomeBeforeTax": 4998900000, "incomeBeforeTaxRatio": 0.1583639307, "incomeTaxExpense": 2008100000, "netIncome": 2965300000, "netIncomeRatio": 0.0939399795, "eps": 1.89, "epsdiluted": 1.86, "weightedAverageShsOut": 1553000000, "weightedAverageShsOutDil": 1578000000, "link": "https://www.sec.gov/Archives/edgar/data/732712/000095010999001134/0000950109-99-001134-index.htm", "finalLink": "https://www.sec.gov/Archives/edgar/data/732712/000095010999001134/", "calculatedOtherExpenses": 5750000000, "calculatedOperatingExpenses": 15552700000, "calculatedNetInterest": 0, "calculatedOtherIncome": -1628300000, "calculatedIncomeNonControlling": 25500000, "calculatedEbitda": 12377200000}, {"date": "1997-12-31", "symbol": "VZ", "reportedCurrency": "USD", "cik": "0000732712", "fillingDate": "1998-03-25", "acceptedDate": "1998-03-25 00:00:00", "calendarYear": "1997", "period": "FY", "revenue": 30193900000, "costOfRevenue": 8444200000, "grossProfit": 21749700000, "grossProfitRatio": 0.7203342397, "researchAndDevelopmentExpenses": 0, "generalAndAdministrativeExpenses": 9047200000, "sellingAndMarketingExpenses": 0, "sellingGeneralAndAdministrativeExpenses": 9047200000, "otherExpenses": 7361000000, "operatingExpenses": 16408200000, "costAndExpenses": 24852400000, "interestIncome": 0, "interestExpense": 0, "depreciationAndAmortization": 5754100000, "ebitda": 11223000000, "ebitdaratio": 0.3716975945, "operatingIncome": 5341500000, "operatingIncomeRatio": 0.1769065937, "totalOtherIncomeExpensesNet": -127400000, "incomeBeforeTax": 3984100000, "incomeBeforeTaxRatio": 0.1319504933, "incomeTaxExpense": 1529200000, "netIncome": 2454900000, "netIncomeRatio": 0.0813045019, "eps": 1.58, "epsdiluted": 1.57, "weightedAverageShsOut": 1553734177, "weightedAverageShsOutDil": 1563630573, "link": "https://www.sec.gov/Archives/edgar/data/732712/000095010998002102/0000950109-98-002102-index.htm", "finalLink": "https://www.sec.gov/Archives/edgar/data/732712/000095010998002102/", "calculatedOtherExpenses": 7361000000, "calculatedOperatingExpenses": 16408200000, "calculatedNetInterest": 0, "calculatedOtherIncome": -1357400000, "calculatedIncomeNonControlling": 0, "calculatedEbitda": 11095600000}, {"date": "1996-12-31", "symbol": "VZ", "reportedCurrency": "USD", "cik": "0000732712", "fillingDate": "1997-03-25", "acceptedDate": "1997-03-25 00:00:00", "calendarYear": "1996", "period": "FY", "revenue": 13081400000, "costOfRevenue": 3628600000, "grossProfit": 9452800000, "grossProfitRatio": 0.7226137875, "researchAndDevelopmentExpenses": 0, "generalAndAdministrativeExpenses": 3921600000, "sellingAndMarketingExpenses": 0, "sellingGeneralAndAdministrativeExpenses": 3921600000, "otherExpenses": 2594600000, "operatingExpenses": 6516200000, "costAndExpenses": 10144800000, "interestIncome": 0, "interestExpense": 0, "depreciationAndAmortization": 2594600000, "ebitda": 5239300000, "ebitdaratio": 0.4005152354, "operatingIncome": 2936600000, "operatingIncomeRatio": 0.2244866757, "totalOtherIncomeExpensesNet": 291900000, "incomeBeforeTax": 2750600000, "incomeBeforeTaxRatio": 0.2102680141, "incomeTaxExpense": 1011200000, "netIncome": 1739400000, "netIncomeRatio": 0.1329674194, "eps": 2.21, "epsdiluted": 2.19, "weightedAverageShsOut": 934258065, "weightedAverageShsOutDil": 946470588, "link": "https://www.sec.gov/Archives/edgar/data/732712/000095010997002420/0000950109-97-002420-index.htm", "finalLink": "https://www.sec.gov/Archives/edgar/data/732712/000095010997002420/", "calculatedOtherExpenses": 2594600000, "calculatedOperatingExpenses": 6516200000, "calculatedNetInterest": 0, "calculatedOtherIncome": -186000000, "calculatedIncomeNonControlling": 0, "calculatedEbitda": 5531200000}, {"date": "1995-12-31", "symbol": "VZ", "reportedCurrency": "USD", "cik": "0000732712", "fillingDate": "1996-03-28", "acceptedDate": "1996-03-28 00:00:00", "calendarYear": "1995", "period": "FY", "revenue": 13429500000, "costOfRevenue": 3694200000, "grossProfit": 9735300000, "grossProfitRatio": 0.7249190216, "researchAndDevelopmentExpenses": 0, "generalAndAdministrativeExpenses": 4022000000, "sellingAndMarketingExpenses": 0, "sellingGeneralAndAdministrativeExpenses": 4022000000, "otherExpenses": 2627100000, "operatingExpenses": 6649100000, "costAndExpenses": 10343300000, "interestIncome": 0, "interestExpense": 0, "depreciationAndAmortization": 2627100000, "ebitda": 5229100000, "ebitdaratio": 0.389374139, "operatingIncome": 3086200000, "operatingIncomeRatio": 0.2298075133, "totalOtherIncomeExpensesNet": 484200000, "incomeBeforeTax": 3009400000, "incomeBeforeTaxRatio": 0.2240887598, "incomeTaxExpense": 1147600000, "netIncome": 1858300000, "netIncomeRatio": 0.1383744741, "eps": -0.07, "epsdiluted": -0.07, "weightedAverageShsOut": 872857143, "weightedAverageShsOutDil": 872857143, "link": "https://www.sec.gov/Archives/edgar/data/732712/000095010996001787/0000950109-96-001787-index.html", "finalLink": "https://www.sec.gov/Archives/edgar/data/732712/", "calculatedOtherExpenses": 2627100000, "calculatedOperatingExpenses": 6649100000, "calculatedNetInterest": 0, "calculatedOtherIncome": -76800000, "calculatedIncomeNonControlling": 3500000, "calculatedEbitda": 5713300000}, {"date": "1994-12-31", "symbol": "VZ", "reportedCurrency": "USD", "cik": "0000732712", "fillingDate": "1995-03-30", "acceptedDate": "1995-03-30 00:00:00", "calendarYear": "1994", "period": "FY", "revenue": 13791400000, "costOfRevenue": 4001600000, "grossProfit": 9789800000, "grossProfitRatio": 0.7098481662, "researchAndDevelopmentExpenses": 0, "generalAndAdministrativeExpenses": 4333100000, "sellingAndMarketingExpenses": 0, "sellingGeneralAndAdministrativeExpenses": 4333100000, "otherExpenses": 2652100000, "operatingExpenses": 6985200000, "costAndExpenses": 10986800000, "interestIncome": 0, "interestExpense": 0, "depreciationAndAmortization": 2652100000, "ebitda": 5392400000, "ebitdaratio": 0.3909972882, "operatingIncome": 2804600000, "operatingIncomeRatio": 0.2033586148, "totalOtherIncomeExpensesNet": 64300000, "incomeBeforeTax": 2286800000, "incomeBeforeTaxRatio": 0.165813478, "incomeTaxExpense": 884900000, "netIncome": -754800000, "netIncomeRatio": -0.0547297591, "eps": -0.86, "epsdiluted": -0.86, "weightedAverageShsOut": 876803279, "weightedAverageShsOutDil": 876803279, "link": "https://www.sec.gov/Archives/edgar/data/732712/000095010995001028/0000950109-95-001028-index.htm", "finalLink": "https://www.sec.gov/Archives/edgar/data/732712/000095010995001028/", "calculatedOtherExpenses": 2652100000, "calculatedOperatingExpenses": 6985200000, "calculatedNetInterest": 0, "calculatedOtherIncome": -517800000, "calculatedIncomeNonControlling": 2156700000, "calculatedEbitda": 5456700000}, {"date": "1993-12-31", "symbol": "VZ", "reportedCurrency": "USD", "cik": "0000732712", "fillingDate": "1994-03-31", "acceptedDate": "1994-03-31 00:00:00", "calendarYear": "1993", "period": "FY", "revenue": 12990200000, "costOfRevenue": 4027600000, "grossProfit": 8962600000, "grossProfitRatio": 0.6899508861, "researchAndDevelopmentExpenses": 0, "generalAndAdministrativeExpenses": 0, "sellingAndMarketingExpenses": 0, "sellingGeneralAndAdministrativeExpenses": 3619900000, "otherExpenses": 2545100000, "operatingExpenses": 6165000000, "costAndExpenses": 10192600000, "interestIncome": 0, "interestExpense": 0, "depreciationAndAmortization": 2545100000, "ebitda": 5254600000, "ebitdaratio": 0.4045049345, "operatingIncome": 2797600000, "operatingIncomeRatio": 0.2153623501, "totalOtherIncomeExpensesNet": 88100000, "incomeBeforeTax": 2273600000, "incomeBeforeTaxRatio": 0.175024249, "incomeTaxExpense": 792000000, "netIncome": 1403400000, "netIncomeRatio": 0.1080352881, "eps": -0.42, "epsdiluted": -0.42, "weightedAverageShsOut": 868646617, "weightedAverageShsOutDil": 868646617, "link": "https://www.sec.gov/Archives/edgar/data/732712/000095010994000587/0000950109-94-000587-index.htm", "finalLink": "https://www.sec.gov/Archives/edgar/data/732712/000095010994000587/", "calculatedOtherExpenses": 2545100000, "calculatedOperatingExpenses": 6165000000, "calculatedNetInterest": 0, "calculatedOtherIncome": -524000000, "calculatedIncomeNonControlling": 78200000, "calculatedEbitda": 5342700000}, {"date": "1992-12-31", "symbol": "VZ", "reportedCurrency": "USD", "cik": "0000732712", "fillingDate": "1992-12-31", "acceptedDate": "1992-12-30 19:00:00", "calendarYear": "1992", "period": "FY", "revenue": 12647000000, "costOfRevenue": 3941500000, "grossProfit": 8705500000, "grossProfitRatio": 0.6883450621, "researchAndDevelopmentExpenses": 0, "generalAndAdministrativeExpenses": 0, "sellingAndMarketingExpenses": 0, "sellingGeneralAndAdministrativeExpenses": 3781900000, "otherExpenses": 2417400000, "operatingExpenses": 6199300000, "costAndExpenses": 10140800000, "interestIncome": 0, "interestExpense": 0, "depreciationAndAmortization": 2417400000, "ebitda": 4709200000, "ebitdaratio": 0.3723570807, "operatingIncome": 2506200000, "operatingIncomeRatio": 0.1981655729, "totalOtherIncomeExpensesNet": 214400000, "incomeBeforeTax": 2025700000, "incomeBeforeTaxRatio": 0.1601723729, "incomeTaxExpense": 643500000, "netIncome": 1340600000, "netIncomeRatio": 0.1060014233, "eps": 1.57, "epsdiluted": 1.57, "weightedAverageShsOut": 853885350, "weightedAverageShsOutDil": 853885350, "link": "", "finalLink": "", "calculatedOtherExpenses": 2417400000, "calculatedOperatingExpenses": 6199300000, "calculatedNetInterest": 0, "calculatedOtherIncome": -480500000, "calculatedIncomeNonControlling": 41600000, "calculatedEbitda": 4923600000}, {"date": "1991-12-31", "symbol": "VZ", "reportedCurrency": "USD", "cik": "0000732712", "fillingDate": "1991-12-31", "acceptedDate": "1991-12-30 19:00:00", "calendarYear": "1991", "period": "FY", "revenue": 12279700000, "costOfRevenue": 3936600000, "grossProfit": 8343100000, "grossProfitRatio": 0.6794221357, "researchAndDevelopmentExpenses": 0, "generalAndAdministrativeExpenses": 0, "sellingAndMarketingExpenses": 0, "sellingGeneralAndAdministrativeExpenses": 3519000000, "otherExpenses": 2298700000, "operatingExpenses": 5817700000, "costAndExpenses": 9754300000, "interestIncome": 0, "interestExpense": 0, "depreciationAndAmortization": 2298700000, "ebitda": 4648100000, "ebitdaratio": 0.3785190192, "operatingIncome": 2525400000, "operatingIncomeRatio": 0.20565649, "totalOtherIncomeExpensesNet": 176000000, "incomeBeforeTax": 1996400000, "incomeBeforeTaxRatio": 0.1625772617, "incomeTaxExpense": 664800000, "netIncome": 1331600000, "netIncomeRatio": 0.1084391312, "eps": 1.71, "epsdiluted": 1.71, "weightedAverageShsOut": 778713450, "weightedAverageShsOutDil": 778713450, "link": "", "finalLink": "", "calculatedOtherExpenses": 2298700000, "calculatedOperatingExpenses": 5817700000, "calculatedNetInterest": 0, "calculatedOtherIncome": -529000000, "calculatedIncomeNonControlling": 0, "calculatedEbitda": 4824100000}, {"date": "1990-12-31", "symbol": "VZ", "reportedCurrency": "USD", "cik": "0000732712", "fillingDate": "1990-12-31", "acceptedDate": "1990-12-30 19:00:00", "calendarYear": "1990", "period": "FY", "revenue": 12298000000, "costOfRevenue": 3761100000, "grossProfit": 8536900000, "grossProfitRatio": 0.6941697837, "researchAndDevelopmentExpenses": 0, "generalAndAdministrativeExpenses": 0, "sellingAndMarketingExpenses": 0, "sellingGeneralAndAdministrativeExpenses": 3550100000, "otherExpenses": 2377200000, "operatingExpenses": 5927300000, "costAndExpenses": 9688400000, "interestIncome": 0, "interestExpense": 0, "depreciationAndAmortization": 2377200000, "ebitda": 4954600000, "ebitdaratio": 0.4028785168, "operatingIncome": 2609600000, "operatingIncomeRatio": 0.2121971052, "totalOtherIncomeExpensesNet": 32200000, "incomeBeforeTax": 1982100000, "incomeBeforeTaxRatio": 0.1611725484, "incomeTaxExpense": 669600000, "netIncome": 1312500000, "netIncomeRatio": 0.1067246707, "eps": 1.69, "epsdiluted": 1.69, "weightedAverageShsOut": 776627219, "weightedAverageShsOutDil": 776627219, "link": "", "finalLink": "", "calculatedOtherExpenses": 2377200000, "calculatedOperatingExpenses": 5927300000, "calculatedNetInterest": 0, "calculatedOtherIncome": -627500000, "calculatedIncomeNonControlling": 0, "calculatedEbitda": 4986800000}, {"date": "1989-12-31", "symbol": "VZ", "reportedCurrency": "USD", "cik": "0000732712", "fillingDate": "1989-12-31", "acceptedDate": "1989-12-30 19:00:00", "calendarYear": "1989", "period": "FY", "revenue": 11448600000, "costOfRevenue": 3739100000, "grossProfit": 7709500000, "grossProfitRatio": 0.6734011145, "researchAndDevelopmentExpenses": 0, "generalAndAdministrativeExpenses": 0, "sellingAndMarketingExpenses": 0, "sellingGeneralAndAdministrativeExpenses": 3276800000, "otherExpenses": 2419900000, "operatingExpenses": 5696700000, "costAndExpenses": 9435800000, "interestIncome": 0, "interestExpense": 0, "depreciationAndAmortization": 2419900000, "ebitda": 4357200000, "ebitdaratio": 0.3805880195, "operatingIncome": 2012800000, "operatingIncomeRatio": 0.1758118897, "totalOtherIncomeExpensesNet": 75500000, "incomeBeforeTax": 1545500000, "incomeBeforeTaxRatio": 0.1349946718, "incomeTaxExpense": 471000000, "netIncome": 1074500000, "netIncomeRatio": 0.0938542704, "eps": 1.36, "epsdiluted": 1.36, "weightedAverageShsOut": 790073529, "weightedAverageShsOutDil": 790073529, "link": "", "finalLink": "", "calculatedOtherExpenses": 2419900000, "calculatedOperatingExpenses": 5696700000, "calculatedNetInterest": 0, "calculatedOtherIncome": -467300000, "calculatedIncomeNonControlling": 0, "calculatedEbitda": 4432700000}, {"date": "1988-12-31", "symbol": "VZ", "reportedCurrency": "USD", "cik": "0000732712", "fillingDate": "1988-12-31", "acceptedDate": "1988-12-30 19:00:00", "calendarYear": "1988", "period": "FY", "revenue": 10880100000, "costOfRevenue": 6281600000, "grossProfit": 4598500000, "grossProfitRatio": 0.4226523653, "researchAndDevelopmentExpenses": 0, "generalAndAdministrativeExpenses": 0, "sellingAndMarketingExpenses": 0, "sellingGeneralAndAdministrativeExpenses": 0, "otherExpenses": 2354000000, "operatingExpenses": 2354000000, "costAndExpenses": 8635600000, "interestIncome": 0, "interestExpense": 0, "depreciationAndAmortization": 2354000000, "ebitda": 4489500000, "ebitdaratio": 0.4126340751, "operatingIncome": 2244500000, "operatingIncomeRatio": 0.2062940598, "totalOtherIncomeExpensesNet": 109000000, "incomeBeforeTax": 1846800000, "incomeBeforeTaxRatio": 0.1697410869, "incomeTaxExpense": 530000000, "netIncome": 1316800000, "netIncomeRatio": 0.1210282994, "eps": 1.67, "epsdiluted": 1.67, "weightedAverageShsOut": 788502994, "weightedAverageShsOutDil": 788502994, "link": "", "finalLink": "", "calculatedOtherExpenses": 2354000000, "calculatedOperatingExpenses": 2354000000, "calculatedNetInterest": 0, "calculatedOtherIncome": -397700000, "calculatedIncomeNonControlling": 0, "calculatedEbitda": 4598500000}, {"date": "1987-12-31", "symbol": "VZ", "reportedCurrency": "USD", "cik": "0000732712", "fillingDate": "1987-12-31", "acceptedDate": "1987-12-30 19:00:00", "calendarYear": "1987", "period": "FY", "revenue": 10298400000, "costOfRevenue": 5835400000, "grossProfit": 4463000000, "grossProfitRatio": 0.4333682902, "researchAndDevelopmentExpenses": 0, "generalAndAdministrativeExpenses": 0, "sellingAndMarketingExpenses": 0, "sellingGeneralAndAdministrativeExpenses": 0, "otherExpenses": 2116900000, "operatingExpenses": 2116900000, "costAndExpenses": 7952300000, "interestIncome": 0, "interestExpense": 0, "depreciationAndAmortization": 2116900000, "ebitda": 4340300000, "ebitdaratio": 0.4214538181, "operatingIncome": 2346100000, "operatingIncomeRatio": 0.2278120873, "totalOtherIncomeExpensesNet": 122700000, "incomeBeforeTax": 1954400000, "incomeBeforeTaxRatio": 0.1897770527, "incomeTaxExpense": 714000000, "netIncome": 1240400000, "netIncomeRatio": 0.1204458945, "eps": 1.56, "epsdiluted": 1.56, "weightedAverageShsOut": 795128205, "weightedAverageShsOutDil": 795128205, "link": "", "finalLink": "", "calculatedOtherExpenses": 2116900000, "calculatedOperatingExpenses": 2116900000, "calculatedNetInterest": 0, "calculatedOtherIncome": -391700000, "calculatedIncomeNonControlling": 0, "calculatedEbitda": 4463000000}, {"date": "1986-12-31", "symbol": "VZ", "reportedCurrency": "USD", "cik": "0000732712", "fillingDate": "1986-12-31", "acceptedDate": "1986-12-30 19:00:00", "calendarYear": "1986", "period": "FY", "revenue": 9920800000, "costOfRevenue": 5530300000, "grossProfit": 4390500000, "grossProfitRatio": 0.4425550359, "researchAndDevelopmentExpenses": 0, "generalAndAdministrativeExpenses": 0, "sellingAndMarketingExpenses": 0, "sellingGeneralAndAdministrativeExpenses": 0, "otherExpenses": 1926600000, "operatingExpenses": 1926600000, "costAndExpenses": 7456900000, "interestIncome": 0, "interestExpense": 0, "depreciationAndAmortization": 1926600000, "ebitda": 4315500000, "ebitdaratio": 0.4349951617, "operatingIncome": 2463900000, "operatingIncomeRatio": 0.2483569873, "totalOtherIncomeExpensesNet": 75000000, "incomeBeforeTax": 2071600000, "incomeBeforeTaxRatio": 0.2088138053, "incomeTaxExpense": 904500000, "netIncome": 1167100000, "netIncomeRatio": 0.1176417224, "eps": 1.47, "epsdiluted": 1.47, "weightedAverageShsOut": 793945578, "weightedAverageShsOutDil": 793945578, "link": "", "finalLink": "", "calculatedOtherExpenses": 1926600000, "calculatedOperatingExpenses": 1926600000, "calculatedNetInterest": 0, "calculatedOtherIncome": -392300000, "calculatedIncomeNonControlling": 0, "calculatedEbitda": 4390500000}, {"date": "1985-12-31", "symbol": "VZ", "reportedCurrency": "USD", "cik": "0000732712", "fillingDate": "1985-12-31", "acceptedDate": "1985-12-30 19:00:00", "calendarYear": "1985", "period": "FY", "revenue": 9084200000, "costOfRevenue": 5275800000, "grossProfit": 3808400000, "grossProfitRatio": 0.4192333942, "researchAndDevelopmentExpenses": 0, "generalAndAdministrativeExpenses": 0, "sellingAndMarketingExpenses": 0, "sellingGeneralAndAdministrativeExpenses": 0, "otherExpenses": 1483900000, "operatingExpenses": 1483900000, "costAndExpenses": 6759700000, "interestIncome": 0, "interestExpense": 0, "depreciationAndAmortization": 1483900000, "ebitda": 3746900000, "ebitdaratio": 0.412463398, "operatingIncome": 2324500000, "operatingIncomeRatio": 0.2558838423, "totalOtherIncomeExpensesNet": 61500000, "incomeBeforeTax": 1903300000, "incomeBeforeTaxRatio": 0.209517624, "incomeTaxExpense": 810400000, "netIncome": 1092900000, "netIncomeRatio": 0.1203077871, "eps": 1.37, "epsdiluted": 1.37, "weightedAverageShsOut": 797737226, "weightedAverageShsOutDil": 797737226, "link": "", "finalLink": "", "calculatedOtherExpenses": 1483900000, "calculatedOperatingExpenses": 1483900000, "calculatedNetInterest": 0, "calculatedOtherIncome": -421200000, "calculatedIncomeNonControlling": 0, "calculatedEbitda": 3808400000}]}