date,symbol,reportedCurrency,cik,fillingDate,acceptedDate,calendarYear,period,revenue,costOfRevenue,grossProfit,grossProfitRatio,researchAndDevelopmentExpenses,generalAndAdministrativeExpenses,sellingAndMarketingExpenses,sellingGeneralAndAdministrativeExpenses,otherExpenses,operatingExpenses,costAndExpenses,interestIncome,interestExpense,depreciationAndAmortization,ebitda,ebitdaratio,operatingIncome,operatingIncomeRatio,totalOtherIncomeExpensesNet,incomeBeforeTax,incomeBeforeTaxRatio,incomeTaxExpense,netIncome,netIncomeRatio,eps,epsdiluted,weightedAverageShsOut,weightedAverageShsOutDil,link,finalLink,calculatedOtherExpenses,calculatedOperatingExpenses,calculatedNetInterest,calculatedOtherIncome,calculatedIncomeNonControlling,calculatedEbitda
2023-09-30,V,USD,0001403161,2023-11-15,2023-11-15 16:07:14,2023,FY,32653000000,6567000000,26086000000,0.7988852479,0,1875000000,1341000000,3216000000,8437000000,11653000000,11653000000,101000000,-644000000,943000000,21336000000,0.6534162252,21000000000,0.6431262059,37000000,21037000000,0.644259333,3764000000,17273000000,0.5289866168,8.3,8.15,2046937500,2085000000,https://www.sec.gov/Archives/edgar/data/1403161/000140316123000099/0001403161-23-000099-index.htm,https://www.sec.gov/Archives/edgar/data/1403161/000140316123000099/v-20230930.htm,1870000000,5086000000,745000000,-708000000,0,21943000000
2022-09-30,V,USD,0001403161,2022-11-16,2022-11-16 16:06:43,2022,FY,29310000000,5733000000,23577000000,0.8044012282,0,1699000000,1336000000,3035000000,861000000,3896000000,9629000000,469000000,538000000,1729000000,20542000000,0.7008529512,18813000000,0.6418628454,-677000000,18136000000,0.6187649266,3179000000,14957000000,0.5103036506,7.02,6.85,2084445499,2136000000,https://www.sec.gov/Archives/edgar/data/1403161/000140316122000081/0001403161-22-000081-index.htm,https://www.sec.gov/Archives/edgar/data/1403161/000140316122000081/v-20220930.htm,1729000000,4764000000,-69000000,-608000000,0,20542000000
2021-09-30,V,USD,0001403161,2021-11-18,2021-11-18 16:06:50,2021,FY,24105000000,4970000000,19135000000,0.7938187098,0,1388000000,1136000000,2524000000,804000000,3328000000,8298000000,513000000,513000000,807000000,16611000000,0.6891101431,15804000000,0.6556316117,259000000,16063000000,0.6663762705,3752000000,12311000000,0.5107239162,5.64,5.49,2128585999,2188000000,https://www.sec.gov/Archives/edgar/data/1403161/000140316121000060/0001403161-21-000060-index.htm,https://www.sec.gov/Archives/edgar/data/1403161/000140316121000060/v-20210930.htm,807000000,3331000000,0,259000000,0,16611000000
2020-09-30,V,USD,0001403161,2020-11-19,2020-11-19 16:03:34,2020,FY,21846000000,4512000000,17334000000,0.7934633342,0,1504000000,971000000,2475000000,767000000,3242000000,7754000000,80000000,516000000,778000000,14859000000,0.6801702829,14081000000,0.644557356,-291000000,13790000000,0.6312368397,2924000000,10866000000,0.4973908267,4.9,4.71,2138585999,2223000000,https://www.sec.gov/Archives/edgar/data/1403161/000140316120000070/0001403161-20-000070-index.htm,https://www.sec.gov/Archives/edgar/data/1403161/000140316120000070/v-20200930.htm,778000000,3253000000,-436000000,145000000,0,14859000000
2019-09-30,V,USD,0001403161,2019-11-14,2019-11-14 15:35:00,2019,FY,22977000000,4165000000,18812000000,0.8187317753,0,1650000000,1105000000,2755000000,656000000,3411000000,7576000000,247000000,533000000,1056000000,16057000000,0.698829264,15001000000,0.6528702616,-117000000,14884000000,0.647778213,2804000000,12080000000,0.5257431344,5.33,5.13,2187586000,2272000000,https://www.sec.gov/Archives/edgar/data/1403161/000140316119000050/0001403161-19-000050-index.htm,https://www.sec.gov/Archives/edgar/data/1403161/000140316119000050/v093019form10k.htm,1056000000,3811000000,-286000000,169000000,0,16057000000
2018-09-30,V,USD,0001403161,2018-11-16,2018-11-16 16:10:27,2018,FY,20609000000,3856000000,16753000000,0.8128972779,0,1591000000,988000000,2579000000,613000000,3192000000,7048000000,0,612000000,613000000,14638000000,0.7102722112,12954000000,0.6285603377,-143000000,12806000000,0.6213790092,2505000000,10301000000,0.4998301713,4.6,4.42,2237586000,2329000000,https://www.sec.gov/Archives/edgar/data/1403161/000140316118000055/0001403161-18-000055-index.htm,https://www.sec.gov/Archives/edgar/data/1403161/000140316118000055/v093018.htm,1220000000,3799000000,-612000000,464000000,0,13567000000
2017-09-30,V,USD,0001403161,2017-11-17,2017-11-16 20:07:25,2017,FY,18358000000,3248000000,15110000000,0.823074409,285000000,1469000000,922000000,2391000000,556000000,2947000000,6195000000,0,563000000,556000000,12832000000,0.6989868177,12144000000,0.6615099684,94000000,11694000000,0.6369974943,4995000000,6699000000,0.3649090315,2.8,2.8,2312056478,2395000000,https://www.sec.gov/Archives/edgar/data/1403161/000140316117000044/0001403161-17-000044-index.htm,https://www.sec.gov/Archives/edgar/data/1403161/000140316117000044/v093017.htm,290000000,2966000000,-563000000,113000000,0,12700000000
2016-09-30,V,USD,0001403161,2016-11-15,2016-11-15 16:44:02,2016,FY,15082000000,2764000000,12318000000,0.816735181,259000000,1185000000,869000000,2054000000,502000000,2556000000,5320000000,0,427000000,502000000,10820000000,0.7174114839,7883000000,0.5226760377,-1323000000,8012000000,0.5312292799,2021000000,5991000000,0.3972284843,2.49,2.48,2389018813,2414000000,https://www.sec.gov/Archives/edgar/data/1403161/000140316116000058/0001403161-16-000058-index.htm,https://www.sec.gov/Archives/edgar/data/1403161/000140316116000058/v093016.htm,2122000000,4435000000,-427000000,556000000,0,8385000000
2015-09-30,V,USD,0001403161,2015-11-20,2015-11-19 18:24:51,2015,FY,13880000000,2553000000,11327000000,0.8160662824,0,883000000,872000000,1755000000,494000000,2249000000,4802000000,0,0,494000000,9586000000,0.6906340058,9064000000,0.6530259366,-83000000,8995000000,0.648054755,2667000000,6328000000,0.455907781,2.58,2.58,2446899224,2457000000,https://www.sec.gov/Archives/edgar/data/1403161/000140316115000013/0001403161-15-000013-index.htm,https://www.sec.gov/Archives/edgar/data/1403161/000140316115000013/v093015.htm,508000000,2263000000,0,-69000000,0,9558000000
2014-09-30,V,USD,0001403161,2014-11-21,2014-11-20 18:57:50,2014,FY,12702000000,2382000000,10320000000,0.8124704771,0,835000000,900000000,1735000000,435000000,2170000000,4552000000,0,0,435000000,9038000000,0.7115414895,7697000000,0.6059675642,-426000000,7724000000,0.6080932137,2286000000,5438000000,0.4281215557,2.16,2.15,2509722222,2523000000,https://www.sec.gov/Archives/edgar/data/1403161/000140316114000017/0001403161-14-000017-index.htm,https://www.sec.gov/Archives/edgar/data/1403161/000140316114000017/v09301410-k.htm,888000000,2623000000,0,27000000,0,8132000000
2013-09-30,V,USD,0001403161,2013-11-22,2013-11-21 19:53:37,2013,FY,11778000000,2400000000,9378000000,0.7962302598,0,863000000,876000000,1739000000,397000000,2136000000,4536000000,0,0,397000000,7642000000,0.6488368144,7239000000,0.6146204789,15000000,7257000000,0.6161487519,2277000000,4980000000,0.4228222109,1.9,1.9,2611052631,2624000000,https://www.sec.gov/Archives/edgar/data/1403161/000140316113000011/0001403161-13-000011-index.htm,https://www.sec.gov/Archives/edgar/data/1403161/000140316113000011/v09301310-k.htm,400000000,2139000000,0,18000000,0,7636000000
2012-09-30,V,USD,0001403161,2012-11-16,2012-11-15 20:15:57,2012,FY,10421000000,2140000000,8281000000,0.7946454275,0,836000000,873000000,1709000000,333000000,2042000000,4182000000,0,29000000,333000000,10633000000,1.0203435371,2139000000,0.2052586124,-4061000000,2207000000,0.2117838979,65000000,2144000000,0.2057384128,0.66,0.56,3240000000,3856000000,https://www.sec.gov/Archives/edgar/data/1403161/000138410812000011/0001384108-12-000011-index.htm,https://www.sec.gov/Archives/edgar/data/1403161/000138410812000011/v09301210-k.htm,4433000000,6142000000,-29000000,97000000,-2000000,2472000000
2011-09-30,V,USD,0001403161,2011-11-18,2011-11-17 19:39:34,2011,FY,9188000000,1816000000,7372000000,0.8023508925,0,751000000,870000000,1621000000,288000000,1909000000,3725000000,0,32000000,288000000,5751000000,0.6259251197,5456000000,0.5938180235,225000000,5656000000,0.6155855464,2010000000,3650000000,0.3972572921,1.11,0.89,3296000000,4088000000,https://www.sec.gov/Archives/edgar/data/1403161/000119312511315956/0001193125-11-315956-index.htm,https://www.sec.gov/Archives/edgar/data/1403161/000119312511315956/d218694d10k.htm,295000000,1916000000,-32000000,232000000,-4000000,5744000000
2010-09-30,V,USD,0001403161,2010-11-19,2010-11-19 16:10:39,2010,FY,8065000000,1647000000,6418000000,0.7957842529,0,600000000,964000000,1564000000,265000000,1829000000,3476000000,0,72000000,265000000,4847000000,0.6009919405,4589000000,0.5690018599,121000000,4638000000,0.5750774954,1674000000,2966000000,0.3677619343,2.59,2.58,3356000000,4384000000,https://www.sec.gov/Archives/edgar/data/1403161/000119312510265236/0001193125-10-265236-index.htm,https://www.sec.gov/Archives/edgar/data/1403161/000119312510265236/d10k.htm,265000000,1829000000,-72000000,121000000,-2000000,4854000000
2009-09-30,V,USD,0001403161,2009-11-20,2009-11-20 16:07:00,2009,FY,6911000000,1536000000,5375000000,0.7777456229,0,693000000,918000000,1611000000,226000000,1837000000,3373000000,0,115000000,226000000,3764000000,0.5446389813,3538000000,0.511937491,577000000,4000000000,0.5787874403,1648000000,2353000000,0.3404717118,0.78,0.78,1804000000,3032000000,https://www.sec.gov/Archives/edgar/data/1403161/000119312509239249/0001193125-09-239249-index.htm,https://www.sec.gov/Archives/edgar/data/1403161/000119312509239249/d10k.htm,226000000,1837000000,-115000000,577000000,-1000000,3764000000
2008-09-30,V,USD,0001403161,2008-11-21,2008-11-20 21:38:24,2008,FY,6263000000,1538000000,4725000000,0.754430784,0,770000000,1016000000,1786000000,237000000,2023000000,3561000000,0,143000000,237000000,2940000000,0.4694235989,1232000000,0.1967108414,-1223000000,1336000000,0.2133163021,532000000,804000000,0.1283729842,0.24,0.24,2672000000,3076000000,https://www.sec.gov/Archives/edgar/data/1403161/000119312508240384/0001193125-08-240384-index.htm,https://www.sec.gov/Archives/edgar/data/1403161/000119312508240384/d10k.htm,1707000000,3493000000,-143000000,247000000,0,1469000000
2007-09-30,V,USD,0001403161,2007-12-21,2007-12-21 15:58:47,2007,FY,3589796000,1087612000,2502184000,0.6970267948,0,717966000,580883000,1298849000,4247460000,1298849000,2386461000,0,80658000,136640000,1380251000,0.3844928793,-1449495000,-0.4037819976,-2510095000,-1387418000,-0.3864893715,-315993000,-1076095000,-0.2997649449,-0.39,-0.38,2752000000,2848000000,https://www.sec.gov/Archives/edgar/data/1403161/000119312507270394/0001193125-07-270394-index.htm,https://www.sec.gov/Archives/edgar/data/1403161/000119312507270394/d10k.htm,2652830000,3951679000,-80658000,142735000,4670000,-1312855000
2006-09-30,V,USD,0001403161,2006-09-30,2006-09-29 20:00:00,2006,FY,2948126000,0,2948126000,1.0,0,117837000,539258000,657095000,0,2218456000,2218456000,0,0,720206000,1457730000,0.4944598704,729670000,0.24750299,-7854000,721816000,0.2448389248,251338000,454561000,0.1541864222,0.17,0.16,2752000000,2848000000,,,1561361000,2218456000,0,-7854000,15917000,1449876000
2005-09-30,V,USD,0001403161,2005-09-30,2005-09-29 20:00:00,2005,FY,2664605000,957011000,1707594000,0.6408432019,0,665416000,456922000,1122338000,0,1122338000,2079349000,0,108485000,135528000,751583000,0.2820616939,452922000,0.1699771636,-20526000,456245000,0.1712242528,183296000,264701000,0.099339677,0.13,0.13,2752000000,2848000000,,,132334000,1254672000,-108485000,111808000,8248000,588450000
2003-09-30,V,USD,0001403161,2003-09-30,2003-09-29 20:00:00,2003,FY,1980000000,0,1980000000,1.0,0,0,0,0,0,3398000000,3398000000,0,0,38000000,-1380000000,-0.696969697,-1418000000,-0.7161616162,-38000000,-1456000000,-0.7353535354,-571000000,-885000000,-0.446969697,-0.29,-0.29,3100000000,3100000000,,,3398000000,3398000000,0,-38000000,0,-1380000000
